
        <record>
            <header>
                <identifier>oai:aleph-nkp.cz:SKC01-000894908</identifier>
                <datestamp>2026-02-02T18:47:56Z</datestamp>
                <setSpec>SKC</setSpec>
            </header>
            <metadata>
                <marc:record xmlns:marc="http://www.loc.gov/MARC21/slim" xmlns:xsi="http://www.w3.org/2001/XMLSchema-instance" xsi:schemaLocation="http://www.loc.gov/MARC21/slim
http://www.loc.gov/standards/marcxml/schema/MARC21slim.xsd">
                    <marc:leader>     nam a22     7i 4500</marc:leader>
                    <marc:controlfield tag="001">006420568</marc:controlfield>
                    <marc:controlfield tag="003">CZ PrSKC</marc:controlfield>
                    <marc:controlfield tag="005">20180620134540.0</marc:controlfield>
                    <marc:controlfield tag="008">180620s1990    xr ||||| |||||||| ||cze d</marc:controlfield>
                    <marc:datafield tag="015" ind1=" " ind2=" ">
                        <marc:subfield code="a">cnb000059317</marc:subfield>
                    </marc:datafield>
                    <marc:datafield tag="020" ind1=" " ind2=" ">
                        <marc:subfield code="a">80-200-0097-6</marc:subfield>
                        <marc:subfield code="q">(brožováno)</marc:subfield>
                    </marc:datafield>
                    <marc:datafield tag="035" ind1=" " ind2=" ">
                        <marc:subfield code="a">(OCoLC)25872029</marc:subfield>
                    </marc:datafield>
                    <marc:datafield tag="040" ind1=" " ind2=" ">
                        <marc:subfield code="a">BOD034</marc:subfield>
                        <marc:subfield code="b">cze</marc:subfield>
                        <marc:subfield code="e">rda</marc:subfield>
                    </marc:datafield>
                    <marc:datafield tag="072" ind1=" " ind2="7">
                        <marc:subfield code="a">546</marc:subfield>
                        <marc:subfield code="x">Anorganická chemie</marc:subfield>
                        <marc:subfield code="2">Konspekt</marc:subfield>
                        <marc:subfield code="9">10</marc:subfield>
                    </marc:datafield>
                    <marc:datafield tag="080" ind1=" " ind2=" ">
                        <marc:subfield code="a">542.943</marc:subfield>
                        <marc:subfield code="2">MRF</marc:subfield>
                    </marc:datafield>
                    <marc:datafield tag="080" ind1=" " ind2=" ">
                        <marc:subfield code="a">546.21</marc:subfield>
                        <marc:subfield code="2">MRF</marc:subfield>
                    </marc:datafield>
                    <marc:datafield tag="100" ind1="1" ind2=" ">
                        <marc:subfield code="a">Vepřek-Šiška, Josef,</marc:subfield>
                        <marc:subfield code="d">1921-1986</marc:subfield>
                        <marc:subfield code="7">xx0140486</marc:subfield>
                        <marc:subfield code="4">aut</marc:subfield>
                    </marc:datafield>
                    <marc:datafield tag="245" ind1="1" ind2="0">
                        <marc:subfield code="a">Oxidace molekulárním kyslíkem /</marc:subfield>
                        <marc:subfield code="c">Josef Vepřek-Šiška, Dana M. Vagnerová</marc:subfield>
                    </marc:datafield>
                    <marc:datafield tag="250" ind1=" " ind2=" ">
                        <marc:subfield code="a">Vydání 1.</marc:subfield>
                    </marc:datafield>
                    <marc:datafield tag="264" ind1=" " ind2="1">
                        <marc:subfield code="a">Praha :</marc:subfield>
                        <marc:subfield code="b">Academia,</marc:subfield>
                        <marc:subfield code="c">1990</marc:subfield>
                    </marc:datafield>
                    <marc:datafield tag="300" ind1=" " ind2=" ">
                        <marc:subfield code="a">129 stran</marc:subfield>
                    </marc:datafield>
                    <marc:datafield tag="336" ind1=" " ind2=" ">
                        <marc:subfield code="a">text</marc:subfield>
                        <marc:subfield code="b">txt</marc:subfield>
                        <marc:subfield code="2">rdacontent</marc:subfield>
                    </marc:datafield>
                    <marc:datafield tag="337" ind1=" " ind2=" ">
                        <marc:subfield code="a">bez média</marc:subfield>
                        <marc:subfield code="b">n</marc:subfield>
                        <marc:subfield code="2">rdamedia</marc:subfield>
                    </marc:datafield>
                    <marc:datafield tag="338" ind1=" " ind2=" ">
                        <marc:subfield code="a">svazek</marc:subfield>
                        <marc:subfield code="b">nc</marc:subfield>
                        <marc:subfield code="2">rdacarrier</marc:subfield>
                    </marc:datafield>
                    <marc:datafield tag="490" ind1="1" ind2=" ">
                        <marc:subfield code="a">Studie ČSAV ;</marc:subfield>
                        <marc:subfield code="v">číslo 1</marc:subfield>
                    </marc:datafield>
                    <marc:datafield tag="650" ind1="0" ind2="7">
                        <marc:subfield code="a">kyslík</marc:subfield>
                        <marc:subfield code="2">czmesh</marc:subfield>
                    </marc:datafield>
                    <marc:datafield tag="650" ind1="0" ind2="7">
                        <marc:subfield code="a">oxidace-redukce</marc:subfield>
                        <marc:subfield code="2">czmesh</marc:subfield>
                    </marc:datafield>
                    <marc:datafield tag="650" ind1="0" ind2="7">
                        <marc:subfield code="a">fotochemické procesy</marc:subfield>
                        <marc:subfield code="2">czmesh</marc:subfield>
                    </marc:datafield>
                    <marc:datafield tag="650" ind1="0" ind2="7">
                        <marc:subfield code="a">singletový kyslík</marc:subfield>
                        <marc:subfield code="2">czmesh</marc:subfield>
                    </marc:datafield>
                    <marc:datafield tag="650" ind1="0" ind2="4">
                        <marc:subfield code="a">Oxygen</marc:subfield>
                    </marc:datafield>
                    <marc:datafield tag="650" ind1="0" ind2="2">
                        <marc:subfield code="a">Oxidation-Reduction</marc:subfield>
                    </marc:datafield>
                    <marc:datafield tag="650" ind1="0" ind2="2">
                        <marc:subfield code="a">Photochemical Processes</marc:subfield>
                    </marc:datafield>
                    <marc:datafield tag="650" ind1="0" ind2="2">
                        <marc:subfield code="a">Singlet Oxygen</marc:subfield>
                    </marc:datafield>
                    <marc:datafield tag="655" ind1=" " ind2="7">
                        <marc:subfield code="a">kolektivní monografie</marc:subfield>
                        <marc:subfield code="7">fd501537</marc:subfield>
                        <marc:subfield code="2">czenas</marc:subfield>
                    </marc:datafield>
                    <marc:datafield tag="655" ind1=" " ind2="9">
                        <marc:subfield code="a">collective monographs</marc:subfield>
                        <marc:subfield code="2">eczenas</marc:subfield>
                    </marc:datafield>
                    <marc:datafield tag="700" ind1="1" ind2=" ">
                        <marc:subfield code="a">Wagnerová, Dana M.,</marc:subfield>
                        <marc:subfield code="d">1932-</marc:subfield>
                        <marc:subfield code="7">jn20000402668</marc:subfield>
                        <marc:subfield code="4">aut</marc:subfield>
                    </marc:datafield>
                    <marc:datafield tag="830" ind1=" " ind2="0">
                        <marc:subfield code="a">Studie ČSAV ;</marc:subfield>
                        <marc:subfield code="v">číslo 1</marc:subfield>
                    </marc:datafield>
                    <marc:datafield tag="900" ind1=" " ind2=" ">
                        <marc:subfield code="a">BOD114</marc:subfield>
                        <marc:subfield code="b">16</marc:subfield>
                    </marc:datafield>
                    <marc:datafield tag="910" ind1=" " ind2=" ">
                        <marc:subfield code="a">ABA001</marc:subfield>
                        <marc:subfield code="x">ck9101250</marc:subfield>
                        <marc:subfield code="p">prezenčně</marc:subfield>
                        <marc:subfield code="w">l</marc:subfield>
                    </marc:datafield>
                    <marc:datafield tag="910" ind1=" " ind2=" ">
                        <marc:subfield code="a">ABA009</marc:subfield>
                        <marc:subfield code="x">uzp000079144</marc:subfield>
                        <marc:subfield code="k">r</marc:subfield>
                        <marc:subfield code="w">l</marc:subfield>
                    </marc:datafield>
                    <marc:datafield tag="910" ind1=" " ind2=" ">
                        <marc:subfield code="a">ABA013</marc:subfield>
                        <marc:subfield code="x">000080158</marc:subfield>
                        <marc:subfield code="b">D 31380</marc:subfield>
                        <marc:subfield code="w">l</marc:subfield>
                    </marc:datafield>
                    <marc:datafield tag="910" ind1=" " ind2=" ">
                        <marc:subfield code="a">ABB002</marc:subfield>
                        <marc:subfield code="x">002342928</marc:subfield>
                        <marc:subfield code="b">Ac 5065</marc:subfield>
                        <marc:subfield code="w">l</marc:subfield>
                    </marc:datafield>
                    <marc:datafield tag="910" ind1=" " ind2=" ">
                        <marc:subfield code="a">ABB503</marc:subfield>
                        <marc:subfield code="x">001947933</marc:subfield>
                        <marc:subfield code="b">A 209734</marc:subfield>
                        <marc:subfield code="w">l</marc:subfield>
                    </marc:datafield>
                    <marc:datafield tag="910" ind1=" " ind2=" ">
                        <marc:subfield code="a">ABD012</marc:subfield>
                        <marc:subfield code="x">990000221900106986</marc:subfield>
                        <marc:subfield code="w">l</marc:subfield>
                    </marc:datafield>
                    <marc:datafield tag="910" ind1=" " ind2=" ">
                        <marc:subfield code="a">BOD034</marc:subfield>
                        <marc:subfield code="x">006420568</marc:subfield>
                        <marc:subfield code="w">l</marc:subfield>
                    </marc:datafield>
                    <marc:datafield tag="910" ind1=" " ind2=" ">
                        <marc:subfield code="a">CBA001</marc:subfield>
                        <marc:subfield code="x">m0200164</marc:subfield>
                        <marc:subfield code="w">l</marc:subfield>
                    </marc:datafield>
                    <marc:datafield tag="910" ind1=" " ind2=" ">
                        <marc:subfield code="a">OLA001</marc:subfield>
                        <marc:subfield code="x">vkol000002779</marc:subfield>
                        <marc:subfield code="b">575.007</marc:subfield>
                        <marc:subfield code="w">l</marc:subfield>
                    </marc:datafield>
                    <marc:datafield tag="910" ind1=" " ind2=" ">
                        <marc:subfield code="a">OSA001</marc:subfield>
                        <marc:subfield code="x">000229311</marc:subfield>
                        <marc:subfield code="b">G 180.712</marc:subfield>
                        <marc:subfield code="w">l</marc:subfield>
                    </marc:datafield>
                    <marc:datafield tag="910" ind1=" " ind2=" ">
                        <marc:subfield code="a">OSD001</marc:subfield>
                        <marc:subfield code="x">000078856</marc:subfield>
                        <marc:subfield code="b">C18968</marc:subfield>
                        <marc:subfield code="w">l</marc:subfield>
                    </marc:datafield>
                    <marc:datafield tag="910" ind1=" " ind2=" ">
                        <marc:subfield code="a">PNA001</marc:subfield>
                        <marc:subfield code="x">000000810</marc:subfield>
                        <marc:subfield code="b">31A44807</marc:subfield>
                        <marc:subfield code="w">l</marc:subfield>
                    </marc:datafield>
                    <marc:datafield tag="910" ind1=" " ind2=" ">
                        <marc:subfield code="a">ULG001</marc:subfield>
                        <marc:subfield code="x">016020003262597</marc:subfield>
                        <marc:subfield code="b">N85700</marc:subfield>
                        <marc:subfield code="w">l</marc:subfield>
                    </marc:datafield>
                    <marc:datafield tag="998" ind1=" " ind2=" ">
                        <marc:subfield code="a">http://aleph.nkp.cz/F/?func=direct&amp;doc_number=000894908&amp;local_base=SKC</marc:subfield>
                    </marc:datafield>
                </marc:record>
            </metadata>
        </record>