
        <record>
            <header>
                <identifier>oai:aleph-nkp.cz:SKC01-001037155</identifier>
                <datestamp>2026-02-02T18:47:56Z</datestamp>
                <setSpec>SKC</setSpec>
            </header>
            <metadata>
                <marc:record xmlns:marc="http://www.loc.gov/MARC21/slim" xmlns:xsi="http://www.w3.org/2001/XMLSchema-instance" xsi:schemaLocation="http://www.loc.gov/MARC21/slim
http://www.loc.gov/standards/marcxml/schema/MARC21slim.xsd">
                    <marc:leader>     nam a22      i 4500</marc:leader>
                    <marc:controlfield tag="001">001568300</marc:controlfield>
                    <marc:controlfield tag="003">CZ PrSKC</marc:controlfield>
                    <marc:controlfield tag="005">20170328081847.0</marc:controlfield>
                    <marc:controlfield tag="007">ta</marc:controlfield>
                    <marc:controlfield tag="008">170314s1923    xr     g      000 j cze  </marc:controlfield>
                    <marc:datafield tag="015" ind1=" " ind2=" ">
                        <marc:subfield code="a">cnb000562418</marc:subfield>
                    </marc:datafield>
                    <marc:datafield tag="020" ind1=" " ind2=" ">
                        <marc:subfield code="q">(Vázáno)</marc:subfield>
                    </marc:datafield>
                    <marc:datafield tag="035" ind1=" " ind2=" ">
                        <marc:subfield code="a">(OCoLC)85473383</marc:subfield>
                    </marc:datafield>
                    <marc:datafield tag="040" ind1=" " ind2=" ">
                        <marc:subfield code="a">BOA001</marc:subfield>
                        <marc:subfield code="b">cze</marc:subfield>
                        <marc:subfield code="e">rda</marc:subfield>
                    </marc:datafield>
                    <marc:datafield tag="072" ind1=" " ind2="7">
                        <marc:subfield code="a">821.162.3-3</marc:subfield>
                        <marc:subfield code="x">Česká próza</marc:subfield>
                        <marc:subfield code="2">Konspekt</marc:subfield>
                        <marc:subfield code="9">25</marc:subfield>
                    </marc:datafield>
                    <marc:datafield tag="080" ind1=" " ind2=" ">
                        <marc:subfield code="a">821.162.3-32</marc:subfield>
                        <marc:subfield code="2">MRF</marc:subfield>
                    </marc:datafield>
                    <marc:datafield tag="080" ind1=" " ind2=" ">
                        <marc:subfield code="a">(0:82-321.6)</marc:subfield>
                        <marc:subfield code="2">MRF</marc:subfield>
                    </marc:datafield>
                    <marc:datafield tag="100" ind1="1" ind2=" ">
                        <marc:subfield code="a">Beneš Třebízský, Václav,</marc:subfield>
                        <marc:subfield code="d">1849-1884</marc:subfield>
                        <marc:subfield code="7">jk01011653</marc:subfield>
                        <marc:subfield code="4">aut</marc:subfield>
                    </marc:datafield>
                    <marc:datafield tag="245" ind1="1" ind2="0">
                        <marc:subfield code="a">Pod doškovými střechami :</marc:subfield>
                        <marc:subfield code="b">povídky z našich dědin /</marc:subfield>
                        <marc:subfield code="c">Vácslava Beneše Třebízského</marc:subfield>
                    </marc:datafield>
                    <marc:datafield tag="264" ind1=" " ind2="1">
                        <marc:subfield code="a">V Praze :</marc:subfield>
                        <marc:subfield code="b">B. Kočí,</marc:subfield>
                        <marc:subfield code="c">1923</marc:subfield>
                    </marc:datafield>
                    <marc:datafield tag="300" ind1=" " ind2=" ">
                        <marc:subfield code="a">116 stran ;</marc:subfield>
                        <marc:subfield code="c">24 cm</marc:subfield>
                    </marc:datafield>
                    <marc:datafield tag="336" ind1=" " ind2=" ">
                        <marc:subfield code="a">text</marc:subfield>
                        <marc:subfield code="b">txt</marc:subfield>
                        <marc:subfield code="2">rdacontent</marc:subfield>
                    </marc:datafield>
                    <marc:datafield tag="337" ind1=" " ind2=" ">
                        <marc:subfield code="a">bez média</marc:subfield>
                        <marc:subfield code="b">n</marc:subfield>
                        <marc:subfield code="2">rdamedia</marc:subfield>
                    </marc:datafield>
                    <marc:datafield tag="338" ind1=" " ind2=" ">
                        <marc:subfield code="a">svazek</marc:subfield>
                        <marc:subfield code="b">nc</marc:subfield>
                        <marc:subfield code="2">rdacarrier</marc:subfield>
                    </marc:datafield>
                    <marc:datafield tag="490" ind1="1" ind2=" ">
                        <marc:subfield code="a">Nejlacinější vydání spisů Vácslava Beneše-Třebízského ;</marc:subfield>
                        <marc:subfield code="v">díl I.</marc:subfield>
                    </marc:datafield>
                    <marc:datafield tag="501" ind1=" " ind2=" ">
                        <marc:subfield code="a">Obsahuje: Přívazek 1. V červáncích kalicha -- Přívazek 2. V záři kalicha. Pořadí první -- Přívazek 3. V záři kalicha. Pořadí druhé. -- Přívazek 4. Pobělohorské elegie. Pořadí prvé -- Přívazek 5. Pobělohorské elegie. Pořadí druhé</marc:subfield>
                    </marc:datafield>
                    <marc:datafield tag="655" ind1=" " ind2="7">
                        <marc:subfield code="a">české povídky</marc:subfield>
                        <marc:subfield code="7">fd133971</marc:subfield>
                        <marc:subfield code="2">czenas</marc:subfield>
                    </marc:datafield>
                    <marc:datafield tag="655" ind1=" " ind2="7">
                        <marc:subfield code="a">historické povídky</marc:subfield>
                        <marc:subfield code="7">fd132412</marc:subfield>
                        <marc:subfield code="2">czenas</marc:subfield>
                    </marc:datafield>
                    <marc:datafield tag="655" ind1=" " ind2="9">
                        <marc:subfield code="a">Czech short stories</marc:subfield>
                        <marc:subfield code="2">eczenas</marc:subfield>
                    </marc:datafield>
                    <marc:datafield tag="655" ind1=" " ind2="9">
                        <marc:subfield code="a">historical short stories</marc:subfield>
                        <marc:subfield code="2">eczenas</marc:subfield>
                    </marc:datafield>
                    <marc:datafield tag="800" ind1="1" ind2=" ">
                        <marc:subfield code="a">Beneš Třebízský, Václav,</marc:subfield>
                        <marc:subfield code="d">1849-1884.</marc:subfield>
                        <marc:subfield code="t">Nejlacinější vydání spisů (B. Kočí)</marc:subfield>
                    </marc:datafield>
                    <marc:datafield tag="900" ind1=" " ind2=" ">
                        <marc:subfield code="a">BOA001</marc:subfield>
                        <marc:subfield code="b">17</marc:subfield>
                    </marc:datafield>
                    <marc:datafield tag="910" ind1=" " ind2=" ">
                        <marc:subfield code="a">ABA001</marc:subfield>
                        <marc:subfield code="x">nos190102674</marc:subfield>
                        <marc:subfield code="p">prezenčně</marc:subfield>
                        <marc:subfield code="k">r</marc:subfield>
                        <marc:subfield code="w">l</marc:subfield>
                    </marc:datafield>
                    <marc:datafield tag="910" ind1=" " ind2=" ">
                        <marc:subfield code="a">ABA010</marc:subfield>
                        <marc:subfield code="x">kpw14145894</marc:subfield>
                        <marc:subfield code="b">69 d 00585/1/1</marc:subfield>
                        <marc:subfield code="w">l</marc:subfield>
                    </marc:datafield>
                    <marc:datafield tag="910" ind1=" " ind2=" ">
                        <marc:subfield code="a">BOA001</marc:subfield>
                        <marc:subfield code="x">001568300</marc:subfield>
                        <marc:subfield code="b">2-1385.350</marc:subfield>
                        <marc:subfield code="w">l</marc:subfield>
                    </marc:datafield>
                    <marc:datafield tag="910" ind1=" " ind2=" ">
                        <marc:subfield code="a">LIA001</marc:subfield>
                        <marc:subfield code="x">0453883</marc:subfield>
                        <marc:subfield code="b">L 75504/1-8</marc:subfield>
                        <marc:subfield code="w">l</marc:subfield>
                    </marc:datafield>
                    <marc:datafield tag="910" ind1=" " ind2=" ">
                        <marc:subfield code="a">OLA001</marc:subfield>
                        <marc:subfield code="x">vkol000644385</marc:subfield>
                        <marc:subfield code="b">159.332/ 1</marc:subfield>
                        <marc:subfield code="w">l</marc:subfield>
                    </marc:datafield>
                    <marc:datafield tag="910" ind1=" " ind2=" ">
                        <marc:subfield code="a">OSD001</marc:subfield>
                        <marc:subfield code="x">000078914</marc:subfield>
                        <marc:subfield code="x">000079753</marc:subfield>
                        <marc:subfield code="b">B3468</marc:subfield>
                        <marc:subfield code="b">VM436</marc:subfield>
                        <marc:subfield code="w">l</marc:subfield>
                    </marc:datafield>
                    <marc:datafield tag="910" ind1=" " ind2=" ">
                        <marc:subfield code="a">SMG506</marc:subfield>
                        <marc:subfield code="x">58466</marc:subfield>
                        <marc:subfield code="w">l</marc:subfield>
                    </marc:datafield>
                    <marc:datafield tag="998" ind1=" " ind2=" ">
                        <marc:subfield code="a">http://aleph.nkp.cz/F/?func=direct&amp;doc_number=001037155&amp;local_base=SKC</marc:subfield>
                    </marc:datafield>
                </marc:record>
            </metadata>
        </record>