
        <record>
            <header>
                <identifier>oai:aleph-nkp.cz:SKC01-000877914</identifier>
                <datestamp>2026-02-02T18:47:56Z</datestamp>
                <setSpec>SKC</setSpec>
            </header>
            <metadata>
                <marc:record xmlns:marc="http://www.loc.gov/MARC21/slim" xmlns:xsi="http://www.w3.org/2001/XMLSchema-instance" xsi:schemaLocation="http://www.loc.gov/MARC21/slim
http://www.loc.gov/standards/marcxml/schema/MARC21slim.xsd">
                    <marc:leader>     nam a22     3a 4500</marc:leader>
                    <marc:controlfield tag="001">m0195115</marc:controlfield>
                    <marc:controlfield tag="003">CZ PrSKC</marc:controlfield>
                    <marc:controlfield tag="005">20170624151010.0</marc:controlfield>
                    <marc:controlfield tag="007">ta</marc:controlfield>
                    <marc:controlfield tag="008">990506s1988    xr            ||| | cze d</marc:controlfield>
                    <marc:datafield tag="015" ind1=" " ind2=" ">
                        <marc:subfield code="a">cnb000041482</marc:subfield>
                    </marc:datafield>
                    <marc:datafield tag="035" ind1=" " ind2=" ">
                        <marc:subfield code="a">(OCoLC)39402617</marc:subfield>
                    </marc:datafield>
                    <marc:datafield tag="040" ind1=" " ind2=" ">
                        <marc:subfield code="a">CBA001</marc:subfield>
                        <marc:subfield code="b">cze</marc:subfield>
                    </marc:datafield>
                    <marc:datafield tag="072" ind1=" " ind2="7">
                        <marc:subfield code="a">693</marc:subfield>
                        <marc:subfield code="x">Zednické práce</marc:subfield>
                        <marc:subfield code="2">Konspekt</marc:subfield>
                        <marc:subfield code="9">19</marc:subfield>
                    </marc:datafield>
                    <marc:datafield tag="080" ind1=" " ind2=" ">
                        <marc:subfield code="a">691</marc:subfield>
                        <marc:subfield code="2">MRF</marc:subfield>
                    </marc:datafield>
                    <marc:datafield tag="080" ind1=" " ind2=" ">
                        <marc:subfield code="a">693</marc:subfield>
                        <marc:subfield code="2">MRF</marc:subfield>
                    </marc:datafield>
                    <marc:datafield tag="100" ind1="1" ind2=" ">
                        <marc:subfield code="a">Měšťan, Radomír</marc:subfield>
                        <marc:subfield code="7">jk01081351</marc:subfield>
                        <marc:subfield code="4">aut</marc:subfield>
                    </marc:datafield>
                    <marc:datafield tag="245" ind1="1" ind2="0">
                        <marc:subfield code="a">Omítkářské a štukatérské práce /</marc:subfield>
                        <marc:subfield code="c">Radomír Měšťan</marc:subfield>
                    </marc:datafield>
                    <marc:datafield tag="250" ind1=" " ind2=" ">
                        <marc:subfield code="a">Vyd. 1.</marc:subfield>
                    </marc:datafield>
                    <marc:datafield tag="260" ind1=" " ind2=" ">
                        <marc:subfield code="a">Praha :</marc:subfield>
                        <marc:subfield code="b">SNTL - Nakladatelství technické literatury,</marc:subfield>
                        <marc:subfield code="c">1988</marc:subfield>
                    </marc:datafield>
                    <marc:datafield tag="300" ind1=" " ind2=" ">
                        <marc:subfield code="a">304 s., 64 s. obr. příl. :</marc:subfield>
                        <marc:subfield code="b">il. ;</marc:subfield>
                        <marc:subfield code="c">21 cm</marc:subfield>
                    </marc:datafield>
                    <marc:datafield tag="504" ind1=" " ind2=" ">
                        <marc:subfield code="a">Obsahuje bibliografii</marc:subfield>
                    </marc:datafield>
                    <marc:datafield tag="650" ind1=" " ind2="7">
                        <marc:subfield code="a">omítky</marc:subfield>
                        <marc:subfield code="7">ph115589</marc:subfield>
                        <marc:subfield code="2">czenas</marc:subfield>
                    </marc:datafield>
                    <marc:datafield tag="655" ind1=" " ind2="7">
                        <marc:subfield code="a">příručky</marc:subfield>
                        <marc:subfield code="7">fd133209</marc:subfield>
                        <marc:subfield code="2">czenas</marc:subfield>
                    </marc:datafield>
                    <marc:datafield tag="900" ind1=" " ind2=" ">
                        <marc:subfield code="a">CBA001</marc:subfield>
                        <marc:subfield code="b">16</marc:subfield>
                    </marc:datafield>
                    <marc:datafield tag="910" ind1=" " ind2=" ">
                        <marc:subfield code="a">ABA001</marc:subfield>
                        <marc:subfield code="x">ck8806637</marc:subfield>
                        <marc:subfield code="b">SF II 044427</marc:subfield>
                        <marc:subfield code="w">l</marc:subfield>
                    </marc:datafield>
                    <marc:datafield tag="910" ind1=" " ind2=" ">
                        <marc:subfield code="a">ABA013</marc:subfield>
                        <marc:subfield code="x">000061321</marc:subfield>
                        <marc:subfield code="b">A 24068</marc:subfield>
                        <marc:subfield code="w">l</marc:subfield>
                    </marc:datafield>
                    <marc:datafield tag="910" ind1=" " ind2=" ">
                        <marc:subfield code="a">ABC121</marc:subfield>
                        <marc:subfield code="x">000684676</marc:subfield>
                        <marc:subfield code="b">ÚJV 72.833/a</marc:subfield>
                        <marc:subfield code="w">l</marc:subfield>
                    </marc:datafield>
                    <marc:datafield tag="910" ind1=" " ind2=" ">
                        <marc:subfield code="a">ABD100</marc:subfield>
                        <marc:subfield code="x">000056483</marc:subfield>
                        <marc:subfield code="w">l</marc:subfield>
                    </marc:datafield>
                    <marc:datafield tag="910" ind1=" " ind2=" ">
                        <marc:subfield code="a">ABE311</marc:subfield>
                        <marc:subfield code="x">015940000240311</marc:subfield>
                        <marc:subfield code="b">A9808</marc:subfield>
                        <marc:subfield code="w">l</marc:subfield>
                    </marc:datafield>
                    <marc:datafield tag="910" ind1=" " ind2=" ">
                        <marc:subfield code="a">ABE320</marc:subfield>
                        <marc:subfield code="x">001010000668760</marc:subfield>
                        <marc:subfield code="b">D4625</marc:subfield>
                        <marc:subfield code="w">l</marc:subfield>
                    </marc:datafield>
                    <marc:datafield tag="910" ind1=" " ind2=" ">
                        <marc:subfield code="a">BNG501</marc:subfield>
                        <marc:subfield code="x">017360000083420</marc:subfield>
                        <marc:subfield code="w">l</marc:subfield>
                    </marc:datafield>
                    <marc:datafield tag="910" ind1=" " ind2=" ">
                        <marc:subfield code="a">BOA001</marc:subfield>
                        <marc:subfield code="x">000108028</marc:subfield>
                        <marc:subfield code="b">TK-0237.928</marc:subfield>
                        <marc:subfield code="w">l</marc:subfield>
                    </marc:datafield>
                    <marc:datafield tag="910" ind1=" " ind2=" ">
                        <marc:subfield code="a">BOD016</marc:subfield>
                        <marc:subfield code="x">000013783</marc:subfield>
                        <marc:subfield code="w">l</marc:subfield>
                    </marc:datafield>
                    <marc:datafield tag="910" ind1=" " ind2=" ">
                        <marc:subfield code="a">BOE303</marc:subfield>
                        <marc:subfield code="x">kpw0170530</marc:subfield>
                        <marc:subfield code="b">B18645</marc:subfield>
                        <marc:subfield code="w">l</marc:subfield>
                    </marc:datafield>
                    <marc:datafield tag="910" ind1=" " ind2=" ">
                        <marc:subfield code="a">BOG505</marc:subfield>
                        <marc:subfield code="x">017320000359965</marc:subfield>
                        <marc:subfield code="w">l</marc:subfield>
                    </marc:datafield>
                    <marc:datafield tag="910" ind1=" " ind2=" ">
                        <marc:subfield code="a">BVG001</marc:subfield>
                        <marc:subfield code="x">5621</marc:subfield>
                        <marc:subfield code="w">l</marc:subfield>
                    </marc:datafield>
                    <marc:datafield tag="910" ind1=" " ind2=" ">
                        <marc:subfield code="a">CBA001</marc:subfield>
                        <marc:subfield code="x">m0195115</marc:subfield>
                        <marc:subfield code="w">l</marc:subfield>
                    </marc:datafield>
                    <marc:datafield tag="910" ind1=" " ind2=" ">
                        <marc:subfield code="a">CLE301</marc:subfield>
                        <marc:subfield code="x">017850000033088</marc:subfield>
                        <marc:subfield code="b">OK-2688</marc:subfield>
                        <marc:subfield code="w">l</marc:subfield>
                    </marc:datafield>
                    <marc:datafield tag="910" ind1=" " ind2=" ">
                        <marc:subfield code="a">DCG302</marc:subfield>
                        <marc:subfield code="x">002000001205586</marc:subfield>
                        <marc:subfield code="w">l</marc:subfield>
                    </marc:datafield>
                    <marc:datafield tag="910" ind1=" " ind2=" ">
                        <marc:subfield code="a">FMG002</marc:subfield>
                        <marc:subfield code="x">001820000276146</marc:subfield>
                        <marc:subfield code="w">l</marc:subfield>
                    </marc:datafield>
                    <marc:datafield tag="910" ind1=" " ind2=" ">
                        <marc:subfield code="a">HBG001</marc:subfield>
                        <marc:subfield code="x">016310001872448</marc:subfield>
                        <marc:subfield code="b">N7440</marc:subfield>
                        <marc:subfield code="w">l</marc:subfield>
                    </marc:datafield>
                    <marc:datafield tag="910" ind1=" " ind2=" ">
                        <marc:subfield code="a">HKA001</marc:subfield>
                        <marc:subfield code="x">000045202</marc:subfield>
                        <marc:subfield code="b">631 610</marc:subfield>
                        <marc:subfield code="w">l</marc:subfield>
                    </marc:datafield>
                    <marc:datafield tag="910" ind1=" " ind2=" ">
                        <marc:subfield code="a">HKD001</marc:subfield>
                        <marc:subfield code="x">990004679540106986</marc:subfield>
                        <marc:subfield code="w">l</marc:subfield>
                    </marc:datafield>
                    <marc:datafield tag="910" ind1=" " ind2=" ">
                        <marc:subfield code="a">HKG001</marc:subfield>
                        <marc:subfield code="x">016530002007244</marc:subfield>
                        <marc:subfield code="b">90652</marc:subfield>
                        <marc:subfield code="w">l</marc:subfield>
                    </marc:datafield>
                    <marc:datafield tag="910" ind1=" " ind2=" ">
                        <marc:subfield code="a">HOG001</marc:subfield>
                        <marc:subfield code="x">016880000028231</marc:subfield>
                        <marc:subfield code="w">l</marc:subfield>
                    </marc:datafield>
                    <marc:datafield tag="910" ind1=" " ind2=" ">
                        <marc:subfield code="a">JHB502</marc:subfield>
                        <marc:subfield code="x">000834798</marc:subfield>
                        <marc:subfield code="b">R-270</marc:subfield>
                        <marc:subfield code="w">l</marc:subfield>
                    </marc:datafield>
                    <marc:datafield tag="910" ind1=" " ind2=" ">
                        <marc:subfield code="a">KME301</marc:subfield>
                        <marc:subfield code="x">019360000077515</marc:subfield>
                        <marc:subfield code="w">l</marc:subfield>
                    </marc:datafield>
                    <marc:datafield tag="910" ind1=" " ind2=" ">
                        <marc:subfield code="a">KMG502</marc:subfield>
                        <marc:subfield code="x">015890000045922</marc:subfield>
                        <marc:subfield code="w">l</marc:subfield>
                    </marc:datafield>
                    <marc:datafield tag="910" ind1=" " ind2=" ">
                        <marc:subfield code="a">LIA001</marc:subfield>
                        <marc:subfield code="x">c214386</marc:subfield>
                        <marc:subfield code="b">A 123001</marc:subfield>
                        <marc:subfield code="w">l</marc:subfield>
                    </marc:datafield>
                    <marc:datafield tag="910" ind1=" " ind2=" ">
                        <marc:subfield code="a">LID001</marc:subfield>
                        <marc:subfield code="x">kpm01224024</marc:subfield>
                        <marc:subfield code="w">l</marc:subfield>
                    </marc:datafield>
                    <marc:datafield tag="910" ind1=" " ind2=" ">
                        <marc:subfield code="a">MBG001</marc:subfield>
                        <marc:subfield code="x">kpm0146957</marc:subfield>
                        <marc:subfield code="w">l</marc:subfield>
                    </marc:datafield>
                    <marc:datafield tag="910" ind1=" " ind2=" ">
                        <marc:subfield code="a">MOG001</marc:subfield>
                        <marc:subfield code="x">001170000690122</marc:subfield>
                        <marc:subfield code="w">l</marc:subfield>
                    </marc:datafield>
                    <marc:datafield tag="910" ind1=" " ind2=" ">
                        <marc:subfield code="a">MOG501</marc:subfield>
                        <marc:subfield code="x">37801</marc:subfield>
                        <marc:subfield code="w">l</marc:subfield>
                    </marc:datafield>
                    <marc:datafield tag="910" ind1=" " ind2=" ">
                        <marc:subfield code="a">NAE502</marc:subfield>
                        <marc:subfield code="x">001010001236049</marc:subfield>
                        <marc:subfield code="b">A 30 023</marc:subfield>
                        <marc:subfield code="w">l</marc:subfield>
                    </marc:datafield>
                    <marc:datafield tag="910" ind1=" " ind2=" ">
                        <marc:subfield code="a">NJG502</marc:subfield>
                        <marc:subfield code="x">63401</marc:subfield>
                        <marc:subfield code="w">l</marc:subfield>
                    </marc:datafield>
                    <marc:datafield tag="910" ind1=" " ind2=" ">
                        <marc:subfield code="a">OLA001</marc:subfield>
                        <marc:subfield code="x">vkol000119927</marc:subfield>
                        <marc:subfield code="b">559.296</marc:subfield>
                        <marc:subfield code="w">l</marc:subfield>
                    </marc:datafield>
                    <marc:datafield tag="910" ind1=" " ind2=" ">
                        <marc:subfield code="a">OLE304</marc:subfield>
                        <marc:subfield code="x">001010000668760</marc:subfield>
                        <marc:subfield code="b">I-1510</marc:subfield>
                        <marc:subfield code="b">I-1511</marc:subfield>
                        <marc:subfield code="b">I-0841</marc:subfield>
                        <marc:subfield code="w">l</marc:subfield>
                    </marc:datafield>
                    <marc:datafield tag="910" ind1=" " ind2=" ">
                        <marc:subfield code="a">OPG001</marc:subfield>
                        <marc:subfield code="x">019010000643942</marc:subfield>
                        <marc:subfield code="w">l</marc:subfield>
                    </marc:datafield>
                    <marc:datafield tag="910" ind1=" " ind2=" ">
                        <marc:subfield code="a">OSA001</marc:subfield>
                        <marc:subfield code="x">000222622</marc:subfield>
                        <marc:subfield code="b">G 174.453</marc:subfield>
                        <marc:subfield code="w">l</marc:subfield>
                    </marc:datafield>
                    <marc:datafield tag="910" ind1=" " ind2=" ">
                        <marc:subfield code="a">OSD001</marc:subfield>
                        <marc:subfield code="x">000073494</marc:subfield>
                        <marc:subfield code="b">B49694</marc:subfield>
                        <marc:subfield code="w">l</marc:subfield>
                    </marc:datafield>
                    <marc:datafield tag="910" ind1=" " ind2=" ">
                        <marc:subfield code="a">OSD002</marc:subfield>
                        <marc:subfield code="x">kpw0167418</marc:subfield>
                        <marc:subfield code="b">229126</marc:subfield>
                        <marc:subfield code="w">l</marc:subfield>
                    </marc:datafield>
                    <marc:datafield tag="910" ind1=" " ind2=" ">
                        <marc:subfield code="a">OSG002</marc:subfield>
                        <marc:subfield code="x">001070005305966</marc:subfield>
                        <marc:subfield code="b">2-82.090</marc:subfield>
                        <marc:subfield code="w">l</marc:subfield>
                    </marc:datafield>
                    <marc:datafield tag="910" ind1=" " ind2=" ">
                        <marc:subfield code="a">PAE303</marc:subfield>
                        <marc:subfield code="x">001010000605350</marc:subfield>
                        <marc:subfield code="b">P20087</marc:subfield>
                        <marc:subfield code="w">l</marc:subfield>
                    </marc:datafield>
                    <marc:datafield tag="910" ind1=" " ind2=" ">
                        <marc:subfield code="a">PAG001</marc:subfield>
                        <marc:subfield code="x">018890000659521</marc:subfield>
                        <marc:subfield code="b">65.401</marc:subfield>
                        <marc:subfield code="w">l</marc:subfield>
                    </marc:datafield>
                    <marc:datafield tag="910" ind1=" " ind2=" ">
                        <marc:subfield code="a">PNG001</marc:subfield>
                        <marc:subfield code="x">001970000045842</marc:subfield>
                        <marc:subfield code="w">l</marc:subfield>
                    </marc:datafield>
                    <marc:datafield tag="910" ind1=" " ind2=" ">
                        <marc:subfield code="a">PNG503</marc:subfield>
                        <marc:subfield code="x">001350000011494</marc:subfield>
                        <marc:subfield code="w">l</marc:subfield>
                    </marc:datafield>
                    <marc:datafield tag="910" ind1=" " ind2=" ">
                        <marc:subfield code="a">RKG001</marc:subfield>
                        <marc:subfield code="x">002170000253904</marc:subfield>
                        <marc:subfield code="w">l</marc:subfield>
                    </marc:datafield>
                    <marc:datafield tag="910" ind1=" " ind2=" ">
                        <marc:subfield code="a">RKG503</marc:subfield>
                        <marc:subfield code="x">22246</marc:subfield>
                        <marc:subfield code="w">l</marc:subfield>
                    </marc:datafield>
                    <marc:datafield tag="910" ind1=" " ind2=" ">
                        <marc:subfield code="a">ROE301</marc:subfield>
                        <marc:subfield code="b">V 985</marc:subfield>
                    </marc:datafield>
                    <marc:datafield tag="910" ind1=" " ind2=" ">
                        <marc:subfield code="a">SMG004</marc:subfield>
                        <marc:subfield code="x">002190000117500</marc:subfield>
                        <marc:subfield code="w">l</marc:subfield>
                    </marc:datafield>
                    <marc:datafield tag="910" ind1=" " ind2=" ">
                        <marc:subfield code="a">TPG503</marc:subfield>
                        <marc:subfield code="x">015920000112214</marc:subfield>
                        <marc:subfield code="w">l</marc:subfield>
                    </marc:datafield>
                    <marc:datafield tag="910" ind1=" " ind2=" ">
                        <marc:subfield code="a">UOG001</marc:subfield>
                        <marc:subfield code="x">10359</marc:subfield>
                        <marc:subfield code="w">l</marc:subfield>
                    </marc:datafield>
                    <marc:datafield tag="910" ind1=" " ind2=" ">
                        <marc:subfield code="a">UOG507</marc:subfield>
                        <marc:subfield code="x">9157</marc:subfield>
                        <marc:subfield code="w">l</marc:subfield>
                    </marc:datafield>
                    <marc:datafield tag="910" ind1=" " ind2=" ">
                        <marc:subfield code="a">ZRG501</marc:subfield>
                        <marc:subfield code="x">001500000013639</marc:subfield>
                        <marc:subfield code="w">l</marc:subfield>
                    </marc:datafield>
                    <marc:datafield tag="911" ind1=" " ind2=" ">
                        <marc:subfield code="a">ABA001</marc:subfield>
                        <marc:subfield code="d">zdigitalizováno</marc:subfield>
                        <marc:subfield code="u">http://krameriusndk.nkp.cz/search/handle/uuid:4bdd6770-067c-11e4-83c7-005056827e51</marc:subfield>
                    </marc:datafield>
                    <marc:datafield tag="911" ind1=" " ind2=" ">
                        <marc:subfield code="a">BOA001</marc:subfield>
                        <marc:subfield code="d">zdigitalizováno</marc:subfield>
                        <marc:subfield code="u">http://krameriusndk.mzk.cz/search/handle/uuid:4bdd6770-067c-11e4-83c7-005056827e51</marc:subfield>
                    </marc:datafield>
                    <marc:datafield tag="998" ind1=" " ind2=" ">
                        <marc:subfield code="a">http://aleph.nkp.cz/F/?func=direct&amp;doc_number=000877914&amp;local_base=SKC</marc:subfield>
                    </marc:datafield>
                </marc:record>
            </metadata>
        </record>