
        <record>
            <header>
                <identifier>oai:aleph-nkp.cz:SKC01-000900924</identifier>
                <datestamp>2026-02-02T18:47:56Z</datestamp>
                <setSpec>SKC</setSpec>
            </header>
            <metadata>
                <marc:record xmlns:marc="http://www.loc.gov/MARC21/slim" xmlns:xsi="http://www.w3.org/2001/XMLSchema-instance" xsi:schemaLocation="http://www.loc.gov/MARC21/slim
http://www.loc.gov/standards/marcxml/schema/MARC21slim.xsd">
                    <marc:leader>     nam a22      i 4500</marc:leader>
                    <marc:controlfield tag="001">001647068</marc:controlfield>
                    <marc:controlfield tag="003">CZ PrSKC</marc:controlfield>
                    <marc:controlfield tag="005">20230812150641.0</marc:controlfield>
                    <marc:controlfield tag="007">ta</marc:controlfield>
                    <marc:controlfield tag="008">180918s1991    xr     e      000 0 cze  </marc:controlfield>
                    <marc:datafield tag="015" ind1=" " ind2=" ">
                        <marc:subfield code="a">cnb000065609</marc:subfield>
                    </marc:datafield>
                    <marc:datafield tag="020" ind1=" " ind2=" ">
                        <marc:subfield code="a">80-85213-02-8</marc:subfield>
                        <marc:subfield code="q">(brožováno)</marc:subfield>
                    </marc:datafield>
                    <marc:datafield tag="035" ind1=" " ind2=" ">
                        <marc:subfield code="a">(OCoLC)39593882</marc:subfield>
                    </marc:datafield>
                    <marc:datafield tag="040" ind1=" " ind2=" ">
                        <marc:subfield code="a">BOA001</marc:subfield>
                        <marc:subfield code="b">cze</marc:subfield>
                        <marc:subfield code="e">rda</marc:subfield>
                    </marc:datafield>
                    <marc:datafield tag="041" ind1="1" ind2=" ">
                        <marc:subfield code="a">cze</marc:subfield>
                        <marc:subfield code="h">eng</marc:subfield>
                    </marc:datafield>
                    <marc:datafield tag="072" ind1=" " ind2="7">
                        <marc:subfield code="a">342</marc:subfield>
                        <marc:subfield code="x">Ústavní právo. Správní právo</marc:subfield>
                        <marc:subfield code="2">Konspekt</marc:subfield>
                        <marc:subfield code="9">16</marc:subfield>
                    </marc:datafield>
                    <marc:datafield tag="080" ind1=" " ind2=" ">
                        <marc:subfield code="a">342.7</marc:subfield>
                        <marc:subfield code="2">MRF</marc:subfield>
                    </marc:datafield>
                    <marc:datafield tag="080" ind1=" " ind2=" ">
                        <marc:subfield code="a">24</marc:subfield>
                        <marc:subfield code="2">MRF</marc:subfield>
                    </marc:datafield>
                    <marc:datafield tag="080" ind1=" " ind2=" ">
                        <marc:subfield code="a">(042.3)</marc:subfield>
                        <marc:subfield code="2">MRF</marc:subfield>
                    </marc:datafield>
                    <marc:datafield tag="100" ind1="0" ind2=" ">
                        <marc:subfield code="a">Ošó,</marc:subfield>
                        <marc:subfield code="d">1931-1990</marc:subfield>
                        <marc:subfield code="7">jn19981001926</marc:subfield>
                        <marc:subfield code="4">aut</marc:subfield>
                    </marc:datafield>
                    <marc:datafield tag="245" ind1="1" ind2="0">
                        <marc:subfield code="a">O základních lidských právech /</marc:subfield>
                        <marc:subfield code="c">Osho</marc:subfield>
                    </marc:datafield>
                    <marc:datafield tag="264" ind1=" " ind2="1">
                        <marc:subfield code="a">Praha :</marc:subfield>
                        <marc:subfield code="b">Pragma,</marc:subfield>
                        <marc:subfield code="c">1991</marc:subfield>
                    </marc:datafield>
                    <marc:datafield tag="300" ind1=" " ind2=" ">
                        <marc:subfield code="a">61 stran ;</marc:subfield>
                        <marc:subfield code="c">21 cm</marc:subfield>
                    </marc:datafield>
                    <marc:datafield tag="336" ind1=" " ind2=" ">
                        <marc:subfield code="a">text</marc:subfield>
                        <marc:subfield code="b">txt</marc:subfield>
                        <marc:subfield code="2">rdacontent</marc:subfield>
                    </marc:datafield>
                    <marc:datafield tag="337" ind1=" " ind2=" ">
                        <marc:subfield code="a">bez média</marc:subfield>
                        <marc:subfield code="b">n</marc:subfield>
                        <marc:subfield code="2">rdamedia</marc:subfield>
                    </marc:datafield>
                    <marc:datafield tag="338" ind1=" " ind2=" ">
                        <marc:subfield code="a">svazek</marc:subfield>
                        <marc:subfield code="b">nc</marc:subfield>
                        <marc:subfield code="2">rdacarrier</marc:subfield>
                    </marc:datafield>
                    <marc:datafield tag="500" ind1=" " ind2=" ">
                        <marc:subfield code="a">Z angličtiny přeložila Zuzana Krulichová</marc:subfield>
                    </marc:datafield>
                    <marc:datafield tag="500" ind1=" " ind2=" ">
                        <marc:subfield code="a">&quot;Dvě přednášky z prosince 1986, Bombaj, Indie, 25. 12. 1986: Deklarace - pokrytectví, ne lidská práva, 28. 12. 1986: Lidská práva pro nového člověka&quot;</marc:subfield>
                    </marc:datafield>
                    <marc:datafield tag="505" ind1="2" ind2="0">
                        <marc:subfield code="t">Všeobecná deklarace lidských práv</marc:subfield>
                    </marc:datafield>
                    <marc:datafield tag="520" ind1="9" ind2=" ">
                        <marc:subfield code="a">Dvě přednášky indického proroka pronesené r. 1986 v Bombaji na téma &quot;Deklarace, pokrytectví, ne lidská práva&quot;.</marc:subfield>
                    </marc:datafield>
                    <marc:datafield tag="650" ind1="0" ind2="7">
                        <marc:subfield code="a">lidská práva</marc:subfield>
                        <marc:subfield code="7">ph122331</marc:subfield>
                        <marc:subfield code="x">buddhistické pojetí</marc:subfield>
                        <marc:subfield code="2">czenas</marc:subfield>
                    </marc:datafield>
                    <marc:datafield tag="650" ind1="0" ind2="7">
                        <marc:subfield code="a">ochrana lidských práv</marc:subfield>
                        <marc:subfield code="7">ph116782</marc:subfield>
                        <marc:subfield code="x">buddhistické pojetí</marc:subfield>
                        <marc:subfield code="2">czenas</marc:subfield>
                    </marc:datafield>
                    <marc:datafield tag="655" ind1=" " ind2="7">
                        <marc:subfield code="a">přednášky</marc:subfield>
                        <marc:subfield code="7">fd133199</marc:subfield>
                        <marc:subfield code="2">czenas</marc:subfield>
                    </marc:datafield>
                    <marc:datafield tag="700" ind1="1" ind2=" ">
                        <marc:subfield code="a">Krulichová, Zuzana</marc:subfield>
                        <marc:subfield code="7">xx0124298</marc:subfield>
                        <marc:subfield code="4">trl</marc:subfield>
                    </marc:datafield>
                    <marc:datafield tag="730" ind1="0" ind2=" ">
                        <marc:subfield code="a">Universal Declaration of Human Rights</marc:subfield>
                        <marc:subfield code="d">(1948 prosinec 10.).</marc:subfield>
                        <marc:subfield code="l">Česky</marc:subfield>
                        <marc:subfield code="7">unn2016898487</marc:subfield>
                    </marc:datafield>
                    <marc:datafield tag="900" ind1=" " ind2=" ">
                        <marc:subfield code="a">BOA001</marc:subfield>
                        <marc:subfield code="b">18</marc:subfield>
                    </marc:datafield>
                    <marc:datafield tag="910" ind1=" " ind2=" ">
                        <marc:subfield code="a">ABA001</marc:subfield>
                        <marc:subfield code="x">ck9200976</marc:subfield>
                        <marc:subfield code="b">SF II 051959</marc:subfield>
                        <marc:subfield code="w">l</marc:subfield>
                    </marc:datafield>
                    <marc:datafield tag="910" ind1=" " ind2=" ">
                        <marc:subfield code="a">ABA006</marc:subfield>
                        <marc:subfield code="x">000041011</marc:subfield>
                        <marc:subfield code="w">l</marc:subfield>
                    </marc:datafield>
                    <marc:datafield tag="910" ind1=" " ind2=" ">
                        <marc:subfield code="a">ABA012</marc:subfield>
                        <marc:subfield code="x">kpw05152487</marc:subfield>
                        <marc:subfield code="w">l</marc:subfield>
                    </marc:datafield>
                    <marc:datafield tag="910" ind1=" " ind2=" ">
                        <marc:subfield code="a">ABG001</marc:subfield>
                        <marc:subfield code="x">35925</marc:subfield>
                        <marc:subfield code="b">JC 2125</marc:subfield>
                        <marc:subfield code="w">l</marc:subfield>
                    </marc:datafield>
                    <marc:datafield tag="910" ind1=" " ind2=" ">
                        <marc:subfield code="a">ABG016</marc:subfield>
                        <marc:subfield code="x">016120000214646</marc:subfield>
                        <marc:subfield code="w">l</marc:subfield>
                    </marc:datafield>
                    <marc:datafield tag="910" ind1=" " ind2=" ">
                        <marc:subfield code="a">BKG001</marc:subfield>
                        <marc:subfield code="x">016150000146508</marc:subfield>
                        <marc:subfield code="w">l</marc:subfield>
                    </marc:datafield>
                    <marc:datafield tag="910" ind1=" " ind2=" ">
                        <marc:subfield code="a">BKG501</marc:subfield>
                        <marc:subfield code="x">002030000149593</marc:subfield>
                        <marc:subfield code="w">l</marc:subfield>
                    </marc:datafield>
                    <marc:datafield tag="910" ind1=" " ind2=" ">
                        <marc:subfield code="a">BOA001</marc:subfield>
                        <marc:subfield code="x">001647068</marc:subfield>
                        <marc:subfield code="b">2-1412.628</marc:subfield>
                        <marc:subfield code="w">l</marc:subfield>
                    </marc:datafield>
                    <marc:datafield tag="910" ind1=" " ind2=" ">
                        <marc:subfield code="a">BOG001</marc:subfield>
                        <marc:subfield code="x">71237883</marc:subfield>
                        <marc:subfield code="b">N59550</marc:subfield>
                        <marc:subfield code="w">l</marc:subfield>
                    </marc:datafield>
                    <marc:datafield tag="910" ind1=" " ind2=" ">
                        <marc:subfield code="a">BRG501</marc:subfield>
                        <marc:subfield code="x">kpw01173873</marc:subfield>
                        <marc:subfield code="w">l</marc:subfield>
                    </marc:datafield>
                    <marc:datafield tag="910" ind1=" " ind2=" ">
                        <marc:subfield code="a">CBA001</marc:subfield>
                        <marc:subfield code="x">m0188933</marc:subfield>
                        <marc:subfield code="w">l</marc:subfield>
                    </marc:datafield>
                    <marc:datafield tag="910" ind1=" " ind2=" ">
                        <marc:subfield code="a">CBD007</marc:subfield>
                        <marc:subfield code="x">000080563</marc:subfield>
                        <marc:subfield code="w">l</marc:subfield>
                    </marc:datafield>
                    <marc:datafield tag="910" ind1=" " ind2=" ">
                        <marc:subfield code="a">CHG505</marc:subfield>
                        <marc:subfield code="x">017980000053010</marc:subfield>
                        <marc:subfield code="w">l</marc:subfield>
                    </marc:datafield>
                    <marc:datafield tag="910" ind1=" " ind2=" ">
                        <marc:subfield code="a">CLG001</marc:subfield>
                        <marc:subfield code="x">001560000332209</marc:subfield>
                        <marc:subfield code="w">l</marc:subfield>
                    </marc:datafield>
                    <marc:datafield tag="910" ind1=" " ind2=" ">
                        <marc:subfield code="a">CVG504</marc:subfield>
                        <marc:subfield code="x">017990000080981</marc:subfield>
                        <marc:subfield code="w">l</marc:subfield>
                    </marc:datafield>
                    <marc:datafield tag="910" ind1=" " ind2=" ">
                        <marc:subfield code="a">FMG002</marc:subfield>
                        <marc:subfield code="x">001820000594487</marc:subfield>
                        <marc:subfield code="w">l</marc:subfield>
                    </marc:datafield>
                    <marc:datafield tag="910" ind1=" " ind2=" ">
                        <marc:subfield code="a">HBG001</marc:subfield>
                        <marc:subfield code="x">016310001829890</marc:subfield>
                        <marc:subfield code="b">N19918</marc:subfield>
                        <marc:subfield code="w">l</marc:subfield>
                    </marc:datafield>
                    <marc:datafield tag="910" ind1=" " ind2=" ">
                        <marc:subfield code="a">HKG001</marc:subfield>
                        <marc:subfield code="x">016530002240368</marc:subfield>
                        <marc:subfield code="w">l</marc:subfield>
                    </marc:datafield>
                    <marc:datafield tag="910" ind1=" " ind2=" ">
                        <marc:subfield code="a">KAG505</marc:subfield>
                        <marc:subfield code="x">374465</marc:subfield>
                        <marc:subfield code="w">l</marc:subfield>
                    </marc:datafield>
                    <marc:datafield tag="910" ind1=" " ind2=" ">
                        <marc:subfield code="a">KMG001</marc:subfield>
                        <marc:subfield code="x">001580000134612</marc:subfield>
                        <marc:subfield code="w">l</marc:subfield>
                    </marc:datafield>
                    <marc:datafield tag="910" ind1=" " ind2=" ">
                        <marc:subfield code="a">KTG001</marc:subfield>
                        <marc:subfield code="x">001270000009400</marc:subfield>
                        <marc:subfield code="w">l</marc:subfield>
                    </marc:datafield>
                    <marc:datafield tag="910" ind1=" " ind2=" ">
                        <marc:subfield code="a">KTG501</marc:subfield>
                        <marc:subfield code="x">001160000177694</marc:subfield>
                        <marc:subfield code="w">l</marc:subfield>
                    </marc:datafield>
                    <marc:datafield tag="910" ind1=" " ind2=" ">
                        <marc:subfield code="a">KVG001</marc:subfield>
                        <marc:subfield code="x">016700002536086</marc:subfield>
                        <marc:subfield code="w">l</marc:subfield>
                    </marc:datafield>
                    <marc:datafield tag="910" ind1=" " ind2=" ">
                        <marc:subfield code="a">LIA001</marc:subfield>
                        <marc:subfield code="x">c031881</marc:subfield>
                        <marc:subfield code="b">F 36865</marc:subfield>
                        <marc:subfield code="w">l</marc:subfield>
                    </marc:datafield>
                    <marc:datafield tag="910" ind1=" " ind2=" ">
                        <marc:subfield code="a">MOG001</marc:subfield>
                        <marc:subfield code="x">001170000918120</marc:subfield>
                        <marc:subfield code="w">l</marc:subfield>
                    </marc:datafield>
                    <marc:datafield tag="910" ind1=" " ind2=" ">
                        <marc:subfield code="a">OLA001</marc:subfield>
                        <marc:subfield code="x">vkol000024655</marc:subfield>
                        <marc:subfield code="b">764.311</marc:subfield>
                        <marc:subfield code="w">l</marc:subfield>
                    </marc:datafield>
                    <marc:datafield tag="910" ind1=" " ind2=" ">
                        <marc:subfield code="a">OPD001</marc:subfield>
                        <marc:subfield code="x">016470000495372</marc:subfield>
                        <marc:subfield code="w">l</marc:subfield>
                    </marc:datafield>
                    <marc:datafield tag="910" ind1=" " ind2=" ">
                        <marc:subfield code="a">OPG001</marc:subfield>
                        <marc:subfield code="x">019010000636890</marc:subfield>
                        <marc:subfield code="w">l</marc:subfield>
                    </marc:datafield>
                    <marc:datafield tag="910" ind1=" " ind2=" ">
                        <marc:subfield code="a">OSA001</marc:subfield>
                        <marc:subfield code="x">000215013</marc:subfield>
                        <marc:subfield code="b">G 193.473</marc:subfield>
                        <marc:subfield code="w">l</marc:subfield>
                    </marc:datafield>
                    <marc:datafield tag="910" ind1=" " ind2=" ">
                        <marc:subfield code="a">OSD001</marc:subfield>
                        <marc:subfield code="x">000070567</marc:subfield>
                        <marc:subfield code="b">B53694</marc:subfield>
                        <marc:subfield code="w">l</marc:subfield>
                    </marc:datafield>
                    <marc:datafield tag="910" ind1=" " ind2=" ">
                        <marc:subfield code="a">PAG001</marc:subfield>
                        <marc:subfield code="x">018890000884327</marc:subfield>
                        <marc:subfield code="b">240.261</marc:subfield>
                        <marc:subfield code="w">l</marc:subfield>
                    </marc:datafield>
                    <marc:datafield tag="910" ind1=" " ind2=" ">
                        <marc:subfield code="a">PBG001</marc:subfield>
                        <marc:subfield code="x">016280000515937</marc:subfield>
                        <marc:subfield code="w">l</marc:subfield>
                    </marc:datafield>
                    <marc:datafield tag="910" ind1=" " ind2=" ">
                        <marc:subfield code="a">PBG501</marc:subfield>
                        <marc:subfield code="x">001060000829429</marc:subfield>
                        <marc:subfield code="w">l</marc:subfield>
                    </marc:datafield>
                    <marc:datafield tag="910" ind1=" " ind2=" ">
                        <marc:subfield code="a">PIG001</marc:subfield>
                        <marc:subfield code="x">018170000621635</marc:subfield>
                        <marc:subfield code="w">l</marc:subfield>
                    </marc:datafield>
                    <marc:datafield tag="910" ind1=" " ind2=" ">
                        <marc:subfield code="a">PNA001</marc:subfield>
                        <marc:subfield code="x">000014680</marc:subfield>
                        <marc:subfield code="b">391A24821</marc:subfield>
                        <marc:subfield code="w">l</marc:subfield>
                    </marc:datafield>
                    <marc:datafield tag="910" ind1=" " ind2=" ">
                        <marc:subfield code="a">PNG001</marc:subfield>
                        <marc:subfield code="x">001970000245579</marc:subfield>
                        <marc:subfield code="w">l</marc:subfield>
                    </marc:datafield>
                    <marc:datafield tag="910" ind1=" " ind2=" ">
                        <marc:subfield code="a">PRG501</marc:subfield>
                        <marc:subfield code="x">016890000000538</marc:subfield>
                        <marc:subfield code="w">l</marc:subfield>
                    </marc:datafield>
                    <marc:datafield tag="910" ind1=" " ind2=" ">
                        <marc:subfield code="a">RKG001</marc:subfield>
                        <marc:subfield code="x">002170000177489</marc:subfield>
                        <marc:subfield code="w">l</marc:subfield>
                    </marc:datafield>
                    <marc:datafield tag="910" ind1=" " ind2=" ">
                        <marc:subfield code="a">STG001</marc:subfield>
                        <marc:subfield code="x">48454</marc:subfield>
                        <marc:subfield code="w">l</marc:subfield>
                    </marc:datafield>
                    <marc:datafield tag="910" ind1=" " ind2=" ">
                        <marc:subfield code="a">SVG001</marc:subfield>
                        <marc:subfield code="x">002130000111602</marc:subfield>
                        <marc:subfield code="w">l</marc:subfield>
                    </marc:datafield>
                    <marc:datafield tag="910" ind1=" " ind2=" ">
                        <marc:subfield code="a">TPG001</marc:subfield>
                        <marc:subfield code="x">016690000553568</marc:subfield>
                        <marc:subfield code="w">l</marc:subfield>
                    </marc:datafield>
                    <marc:datafield tag="910" ind1=" " ind2=" ">
                        <marc:subfield code="a">TPG503</marc:subfield>
                        <marc:subfield code="x">015920000084250</marc:subfield>
                        <marc:subfield code="w">l</marc:subfield>
                    </marc:datafield>
                    <marc:datafield tag="910" ind1=" " ind2=" ">
                        <marc:subfield code="a">TUG504</marc:subfield>
                        <marc:subfield code="x">13940</marc:subfield>
                        <marc:subfield code="w">l</marc:subfield>
                    </marc:datafield>
                    <marc:datafield tag="910" ind1=" " ind2=" ">
                        <marc:subfield code="a">UOG502</marc:subfield>
                        <marc:subfield code="x">46749</marc:subfield>
                        <marc:subfield code="w">l</marc:subfield>
                    </marc:datafield>
                    <marc:datafield tag="910" ind1=" " ind2=" ">
                        <marc:subfield code="a">ZLG001</marc:subfield>
                        <marc:subfield code="x">kpw0131422</marc:subfield>
                        <marc:subfield code="w">l</marc:subfield>
                    </marc:datafield>
                    <marc:datafield tag="911" ind1=" " ind2=" ">
                        <marc:subfield code="a">ABA001</marc:subfield>
                        <marc:subfield code="d">zdigitalizováno</marc:subfield>
                        <marc:subfield code="u">http://krameriusndk.nkp.cz/search/handle/uuid:6cb36e20-1f75-11e3-a5bb-005056827e52</marc:subfield>
                    </marc:datafield>
                    <marc:datafield tag="911" ind1=" " ind2=" ">
                        <marc:subfield code="a">BOA001</marc:subfield>
                        <marc:subfield code="d">zdigitalizováno</marc:subfield>
                        <marc:subfield code="u">http://krameriusndk.mzk.cz/search/handle/uuid:6cb36e20-1f75-11e3-a5bb-005056827e52</marc:subfield>
                    </marc:datafield>
                    <marc:datafield tag="998" ind1=" " ind2=" ">
                        <marc:subfield code="a">http://aleph.nkp.cz/F/?func=direct&amp;doc_number=000900924&amp;local_base=SKC</marc:subfield>
                    </marc:datafield>
                </marc:record>
            </metadata>
        </record>