
        <record>
            <header>
                <identifier>oai:aleph-nkp.cz:SKC01-001081823</identifier>
                <datestamp>2026-02-02T18:47:56Z</datestamp>
                <setSpec>SKC</setSpec>
            </header>
            <metadata>
                <marc:record xmlns:marc="http://www.loc.gov/MARC21/slim" xmlns:xsi="http://www.w3.org/2001/XMLSchema-instance" xsi:schemaLocation="http://www.loc.gov/MARC21/slim
http://www.loc.gov/standards/marcxml/schema/MARC21slim.xsd">
                    <marc:leader>     nam a22      i 4500</marc:leader>
                    <marc:controlfield tag="001">nos190152099</marc:controlfield>
                    <marc:controlfield tag="003">CZ PrSKC</marc:controlfield>
                    <marc:controlfield tag="005">20210915150716.0</marc:controlfield>
                    <marc:controlfield tag="007">ta</marc:controlfield>
                    <marc:controlfield tag="008">000619s1923    xr     e      000 0 cze  </marc:controlfield>
                    <marc:datafield tag="015" ind1=" " ind2=" ">
                        <marc:subfield code="a">cnb000636389</marc:subfield>
                    </marc:datafield>
                    <marc:datafield tag="020" ind1=" " ind2=" ">
                        <marc:subfield code="q">(Brožováno)</marc:subfield>
                    </marc:datafield>
                    <marc:datafield tag="035" ind1=" " ind2=" ">
                        <marc:subfield code="a">(OCoLC)320276895</marc:subfield>
                    </marc:datafield>
                    <marc:datafield tag="035" ind1=" " ind2=" ">
                        <marc:subfield code="a">(OCoLC)982101125</marc:subfield>
                    </marc:datafield>
                    <marc:datafield tag="040" ind1=" " ind2=" ">
                        <marc:subfield code="a">ABA001</marc:subfield>
                        <marc:subfield code="b">cze</marc:subfield>
                        <marc:subfield code="c">ABA001</marc:subfield>
                        <marc:subfield code="d">ABA001</marc:subfield>
                        <marc:subfield code="e">rda</marc:subfield>
                    </marc:datafield>
                    <marc:datafield tag="043" ind1=" " ind2=" ">
                        <marc:subfield code="a">e-xr---</marc:subfield>
                        <marc:subfield code="b">e-xr-pg</marc:subfield>
                        <marc:subfield code="2">czenas</marc:subfield>
                    </marc:datafield>
                    <marc:datafield tag="045" ind1=" " ind2=" ">
                        <marc:subfield code="a">w9x2</marc:subfield>
                    </marc:datafield>
                    <marc:datafield tag="072" ind1=" " ind2="7">
                        <marc:subfield code="a">334</marc:subfield>
                        <marc:subfield code="x">Formy organizace a spolupráce v ekonomice</marc:subfield>
                        <marc:subfield code="2">Konspekt</marc:subfield>
                        <marc:subfield code="9">4</marc:subfield>
                    </marc:datafield>
                    <marc:datafield tag="080" ind1=" " ind2=" ">
                        <marc:subfield code="a">334.788</marc:subfield>
                        <marc:subfield code="2">MRF</marc:subfield>
                    </marc:datafield>
                    <marc:datafield tag="080" ind1=" " ind2=" ">
                        <marc:subfield code="a">(437.311)</marc:subfield>
                        <marc:subfield code="2">MRF</marc:subfield>
                    </marc:datafield>
                    <marc:datafield tag="080" ind1=" " ind2=" ">
                        <marc:subfield code="a">(082.2)</marc:subfield>
                        <marc:subfield code="2">MRF</marc:subfield>
                    </marc:datafield>
                    <marc:datafield tag="110" ind1="2" ind2=" ">
                        <marc:subfield code="a">Ústav pro zvelebování živností (Praha, Česko)</marc:subfield>
                        <marc:subfield code="7">ko2017944484</marc:subfield>
                        <marc:subfield code="4">aut</marc:subfield>
                    </marc:datafield>
                    <marc:datafield tag="245" ind1="1" ind2="0">
                        <marc:subfield code="a">Ústav pro zvelebování živností (Technologické průmyslové museum) Obchodní a živnostenské komory v Praze :</marc:subfield>
                        <marc:subfield code="b">1898-1923 : k oslavě dvacetipětiletého trvání ústavu</marc:subfield>
                    </marc:datafield>
                    <marc:datafield tag="246" ind1="3" ind2=" ">
                        <marc:subfield code="a">Dvacet pět let trvání Ústavu pro zvelebování živností v Praze</marc:subfield>
                    </marc:datafield>
                    <marc:datafield tag="246" ind1="3" ind2="0">
                        <marc:subfield code="a">Technologické průmyslové museum Obchodní a živnostenské komory v Praze</marc:subfield>
                    </marc:datafield>
                    <marc:datafield tag="246" ind1="1" ind2="4">
                        <marc:subfield code="a">25 let trvání Ústavu pro zvelebování živností v Praze</marc:subfield>
                    </marc:datafield>
                    <marc:datafield tag="264" ind1=" " ind2="1">
                        <marc:subfield code="a">[Praha] :</marc:subfield>
                        <marc:subfield code="b">[nakladatel není známý],</marc:subfield>
                        <marc:subfield code="c">1923</marc:subfield>
                    </marc:datafield>
                    <marc:datafield tag="264" ind1=" " ind2="3">
                        <marc:subfield code="b">V knihtiskárně Otakara Janáčka</marc:subfield>
                    </marc:datafield>
                    <marc:datafield tag="300" ind1=" " ind2=" ">
                        <marc:subfield code="a">93 stran ;</marc:subfield>
                        <marc:subfield code="c">24 cm</marc:subfield>
                    </marc:datafield>
                    <marc:datafield tag="336" ind1=" " ind2=" ">
                        <marc:subfield code="a">text</marc:subfield>
                        <marc:subfield code="b">txt</marc:subfield>
                        <marc:subfield code="2">rdacontent</marc:subfield>
                    </marc:datafield>
                    <marc:datafield tag="337" ind1=" " ind2=" ">
                        <marc:subfield code="a">bez média</marc:subfield>
                        <marc:subfield code="b">n</marc:subfield>
                        <marc:subfield code="2">rdamedia</marc:subfield>
                    </marc:datafield>
                    <marc:datafield tag="338" ind1=" " ind2=" ">
                        <marc:subfield code="a">svazek</marc:subfield>
                        <marc:subfield code="b">nc</marc:subfield>
                        <marc:subfield code="2">rdacarrier</marc:subfield>
                    </marc:datafield>
                    <marc:datafield tag="610" ind1="2" ind2="7">
                        <marc:subfield code="a">Ústav pro zvelebování živností (Praha, Česko)</marc:subfield>
                        <marc:subfield code="7">ko2017944484</marc:subfield>
                        <marc:subfield code="2">czenas</marc:subfield>
                    </marc:datafield>
                    <marc:datafield tag="648" ind1=" " ind2="7">
                        <marc:subfield code="a">1890-1945</marc:subfield>
                        <marc:subfield code="7">ch460675</marc:subfield>
                        <marc:subfield code="2">czenas</marc:subfield>
                    </marc:datafield>
                    <marc:datafield tag="648" ind1=" " ind2="4">
                        <marc:subfield code="a">1898-1923</marc:subfield>
                    </marc:datafield>
                    <marc:datafield tag="650" ind1="0" ind2="7">
                        <marc:subfield code="a">živnostenské komory</marc:subfield>
                        <marc:subfield code="7">ph128017</marc:subfield>
                        <marc:subfield code="z">Česko</marc:subfield>
                        <marc:subfield code="y">1890-1945</marc:subfield>
                        <marc:subfield code="2">czenas</marc:subfield>
                    </marc:datafield>
                    <marc:datafield tag="650" ind1="0" ind2="9">
                        <marc:subfield code="a">chambers of trade</marc:subfield>
                        <marc:subfield code="z">Czechia</marc:subfield>
                        <marc:subfield code="y">1890-1945</marc:subfield>
                        <marc:subfield code="2">eczenas</marc:subfield>
                    </marc:datafield>
                    <marc:datafield tag="651" ind1=" " ind2="7">
                        <marc:subfield code="a">Praha (Česko)</marc:subfield>
                        <marc:subfield code="7">ge118011</marc:subfield>
                        <marc:subfield code="2">czenas</marc:subfield>
                    </marc:datafield>
                    <marc:datafield tag="651" ind1=" " ind2="9">
                        <marc:subfield code="a">Prague (Czechia)</marc:subfield>
                        <marc:subfield code="2">eczenas</marc:subfield>
                    </marc:datafield>
                    <marc:datafield tag="655" ind1=" " ind2="7">
                        <marc:subfield code="a">jubilejní publikace</marc:subfield>
                        <marc:subfield code="7">fd131839</marc:subfield>
                        <marc:subfield code="2">czenas</marc:subfield>
                    </marc:datafield>
                    <marc:datafield tag="655" ind1=" " ind2="9">
                        <marc:subfield code="a">jubilee books</marc:subfield>
                        <marc:subfield code="2">eczenas</marc:subfield>
                    </marc:datafield>
                    <marc:datafield tag="900" ind1=" " ind2=" ">
                        <marc:subfield code="a">ABA001</marc:subfield>
                        <marc:subfield code="b">18</marc:subfield>
                    </marc:datafield>
                    <marc:datafield tag="910" ind1=" " ind2=" ">
                        <marc:subfield code="a">ABA001</marc:subfield>
                        <marc:subfield code="x">nos190152099</marc:subfield>
                        <marc:subfield code="p">prezenčně</marc:subfield>
                        <marc:subfield code="w">l</marc:subfield>
                    </marc:datafield>
                    <marc:datafield tag="910" ind1=" " ind2=" ">
                        <marc:subfield code="a">ABA006</marc:subfield>
                        <marc:subfield code="x">000727683</marc:subfield>
                        <marc:subfield code="b">ZF325</marc:subfield>
                        <marc:subfield code="b">ZF634</marc:subfield>
                        <marc:subfield code="w">l</marc:subfield>
                    </marc:datafield>
                    <marc:datafield tag="910" ind1=" " ind2=" ">
                        <marc:subfield code="a">ABA007</marc:subfield>
                        <marc:subfield code="x">002128656</marc:subfield>
                        <marc:subfield code="x">001960105</marc:subfield>
                        <marc:subfield code="w">l</marc:subfield>
                    </marc:datafield>
                    <marc:datafield tag="910" ind1=" " ind2=" ">
                        <marc:subfield code="a">ABA009</marc:subfield>
                        <marc:subfield code="x">uzp000335115</marc:subfield>
                        <marc:subfield code="k">r</marc:subfield>
                        <marc:subfield code="w">l</marc:subfield>
                    </marc:datafield>
                    <marc:datafield tag="910" ind1=" " ind2=" ">
                        <marc:subfield code="a">ABA013</marc:subfield>
                        <marc:subfield code="x">000947337</marc:subfield>
                        <marc:subfield code="b">21008</marc:subfield>
                        <marc:subfield code="w">l</marc:subfield>
                    </marc:datafield>
                    <marc:datafield tag="910" ind1=" " ind2=" ">
                        <marc:subfield code="a">ABE311</marc:subfield>
                        <marc:subfield code="x">015940000233956</marc:subfield>
                        <marc:subfield code="b">B30216</marc:subfield>
                        <marc:subfield code="w">l</marc:subfield>
                    </marc:datafield>
                    <marc:datafield tag="910" ind1=" " ind2=" ">
                        <marc:subfield code="a">OLA001</marc:subfield>
                        <marc:subfield code="x">vkol000082772</marc:subfield>
                        <marc:subfield code="b">783.908</marc:subfield>
                        <marc:subfield code="w">l</marc:subfield>
                    </marc:datafield>
                    <marc:datafield tag="910" ind1=" " ind2=" ">
                        <marc:subfield code="a">OSD001</marc:subfield>
                        <marc:subfield code="x">000077869</marc:subfield>
                        <marc:subfield code="b">C7057</marc:subfield>
                        <marc:subfield code="w">l</marc:subfield>
                    </marc:datafield>
                    <marc:datafield tag="910" ind1=" " ind2=" ">
                        <marc:subfield code="a">PNE303</marc:subfield>
                        <marc:subfield code="x">kpw0256072</marc:subfield>
                        <marc:subfield code="b">305 B 003/3</marc:subfield>
                        <marc:subfield code="w">l</marc:subfield>
                    </marc:datafield>
                    <marc:datafield tag="911" ind1=" " ind2=" ">
                        <marc:subfield code="a">ABA001</marc:subfield>
                        <marc:subfield code="d">uživatelská kopie</marc:subfield>
                        <marc:subfield code="u">http://kramerius5.nkp.cz/uuid/uuid:a2cdb201-b26a-41c2-ab38-d64b8cb4a4a4</marc:subfield>
                    </marc:datafield>
                    <marc:datafield tag="911" ind1=" " ind2=" ">
                        <marc:subfield code="a">ABA006</marc:subfield>
                        <marc:subfield code="d">zdigitalizováno</marc:subfield>
                        <marc:subfield code="u">https://kramerius.vse.cz/uuid/uuid:a2cdb201-b26a-41c2-ab38-d64b8cb4a4a4</marc:subfield>
                    </marc:datafield>
                    <marc:datafield tag="998" ind1=" " ind2=" ">
                        <marc:subfield code="a">http://aleph.nkp.cz/F/?func=direct&amp;doc_number=001081823&amp;local_base=SKC</marc:subfield>
                    </marc:datafield>
                </marc:record>
            </metadata>
        </record>