
        <record>
            <header>
                <identifier>oai:aleph-nkp.cz:SKC01-001269431</identifier>
                <datestamp>2026-02-02T18:47:57Z</datestamp>
                <setSpec>SKC</setSpec>
            </header>
            <metadata>
                <marc:record xmlns:marc="http://www.loc.gov/MARC21/slim" xmlns:xsi="http://www.w3.org/2001/XMLSchema-instance" xsi:schemaLocation="http://www.loc.gov/MARC21/slim
http://www.loc.gov/standards/marcxml/schema/MARC21slim.xsd">
                    <marc:leader>     aam a22      i 4500</marc:leader>
                    <marc:controlfield tag="001">990004833110106986</marc:controlfield>
                    <marc:controlfield tag="003">CZ PrSKC</marc:controlfield>
                    <marc:controlfield tag="005">20250815141731.0</marc:controlfield>
                    <marc:controlfield tag="008">950605s1994    xr a    r     001 0 cze d</marc:controlfield>
                    <marc:datafield tag="020" ind1=" " ind2=" ">
                        <marc:subfield code="a">80-7145-097-9</marc:subfield>
                        <marc:subfield code="q">(vázáno)</marc:subfield>
                    </marc:datafield>
                    <marc:datafield tag="040" ind1=" " ind2=" ">
                        <marc:subfield code="a">ABD007</marc:subfield>
                        <marc:subfield code="b">cze</marc:subfield>
                        <marc:subfield code="c">ABD007</marc:subfield>
                        <marc:subfield code="d">ABD006</marc:subfield>
                        <marc:subfield code="e">rda</marc:subfield>
                    </marc:datafield>
                    <marc:datafield tag="041" ind1="1" ind2=" ">
                        <marc:subfield code="a">cze</marc:subfield>
                        <marc:subfield code="h">eng</marc:subfield>
                    </marc:datafield>
                    <marc:datafield tag="072" ind1=" " ind2="7">
                        <marc:subfield code="a">611</marc:subfield>
                        <marc:subfield code="x">Anatomie člověka a srovnávací anatomie</marc:subfield>
                        <marc:subfield code="2">Konspekt</marc:subfield>
                        <marc:subfield code="9">14</marc:subfield>
                    </marc:datafield>
                    <marc:datafield tag="080" ind1=" " ind2=" ">
                        <marc:subfield code="a">611</marc:subfield>
                        <marc:subfield code="2">MRF</marc:subfield>
                    </marc:datafield>
                    <marc:datafield tag="080" ind1=" " ind2=" ">
                        <marc:subfield code="a">612</marc:subfield>
                        <marc:subfield code="2">MRF</marc:subfield>
                    </marc:datafield>
                    <marc:datafield tag="245" ind1="0" ind2="0">
                        <marc:subfield code="a">Lidské tělo /</marc:subfield>
                        <marc:subfield code="c">Přeloženo z angličtiny</marc:subfield>
                    </marc:datafield>
                    <marc:datafield tag="250" ind1=" " ind2=" ">
                        <marc:subfield code="a">české vydání [1. vydání]</marc:subfield>
                    </marc:datafield>
                    <marc:datafield tag="264" ind1=" " ind2="1">
                        <marc:subfield code="a">Bratislava :</marc:subfield>
                        <marc:subfield code="b">Slovart,</marc:subfield>
                        <marc:subfield code="c">1994</marc:subfield>
                    </marc:datafield>
                    <marc:datafield tag="300" ind1=" " ind2=" ">
                        <marc:subfield code="a">64 stran :</marc:subfield>
                        <marc:subfield code="b">ilustrace</marc:subfield>
                    </marc:datafield>
                    <marc:datafield tag="336" ind1=" " ind2=" ">
                        <marc:subfield code="a">text</marc:subfield>
                        <marc:subfield code="b">txt</marc:subfield>
                        <marc:subfield code="2">rdacontent</marc:subfield>
                    </marc:datafield>
                    <marc:datafield tag="337" ind1=" " ind2=" ">
                        <marc:subfield code="a">bez média</marc:subfield>
                        <marc:subfield code="b">n</marc:subfield>
                        <marc:subfield code="2">rdamedia</marc:subfield>
                    </marc:datafield>
                    <marc:datafield tag="338" ind1=" " ind2=" ">
                        <marc:subfield code="a">svazek</marc:subfield>
                        <marc:subfield code="b">nc</marc:subfield>
                        <marc:subfield code="2">rdacarrier</marc:subfield>
                    </marc:datafield>
                    <marc:datafield tag="490" ind1="1" ind2=" ">
                        <marc:subfield code="a">Obrázkový slovník</marc:subfield>
                    </marc:datafield>
                    <marc:datafield tag="520" ind1="9" ind2=" ">
                        <marc:subfield code="a">Obrázkový slovník názvů orgánů lidského těla a jejich částí.</marc:subfield>
                    </marc:datafield>
                    <marc:datafield tag="650" ind1="0" ind2="7">
                        <marc:subfield code="a">anatomie</marc:subfield>
                        <marc:subfield code="2">czmesh</marc:subfield>
                    </marc:datafield>
                    <marc:datafield tag="650" ind1="0" ind2="7">
                        <marc:subfield code="a">fyziologie</marc:subfield>
                        <marc:subfield code="2">czmesh</marc:subfield>
                    </marc:datafield>
                    <marc:datafield tag="765" ind1="0" ind2=" ">
                        <marc:subfield code="t">Visual dictionary of the human body</marc:subfield>
                    </marc:datafield>
                    <marc:datafield tag="830" ind1=" " ind2="0">
                        <marc:subfield code="a">Obrázkový slovník</marc:subfield>
                    </marc:datafield>
                    <marc:datafield tag="900" ind1=" " ind2=" ">
                        <marc:subfield code="a">ABD006</marc:subfield>
                        <marc:subfield code="b">16</marc:subfield>
                    </marc:datafield>
                    <marc:datafield tag="910" ind1=" " ind2=" ">
                        <marc:subfield code="a">ABA012</marc:subfield>
                        <marc:subfield code="x">kpw05141009</marc:subfield>
                        <marc:subfield code="w">l</marc:subfield>
                    </marc:datafield>
                    <marc:datafield tag="910" ind1=" " ind2=" ">
                        <marc:subfield code="a">ABD006</marc:subfield>
                        <marc:subfield code="x">990004833110106986</marc:subfield>
                        <marc:subfield code="w">l</marc:subfield>
                    </marc:datafield>
                    <marc:datafield tag="910" ind1=" " ind2=" ">
                        <marc:subfield code="a">ABE344</marc:subfield>
                        <marc:subfield code="x">001930000087651</marc:subfield>
                        <marc:subfield code="w">l</marc:subfield>
                    </marc:datafield>
                    <marc:datafield tag="910" ind1=" " ind2=" ">
                        <marc:subfield code="a">ABG001</marc:subfield>
                        <marc:subfield code="x">44217</marc:subfield>
                        <marc:subfield code="b">P 5277</marc:subfield>
                        <marc:subfield code="w">l</marc:subfield>
                    </marc:datafield>
                    <marc:datafield tag="910" ind1=" " ind2=" ">
                        <marc:subfield code="a">ABG502</marc:subfield>
                        <marc:subfield code="x">016600000188845</marc:subfield>
                        <marc:subfield code="w">l</marc:subfield>
                    </marc:datafield>
                    <marc:datafield tag="910" ind1=" " ind2=" ">
                        <marc:subfield code="a">BEG001</marc:subfield>
                        <marc:subfield code="x">6015</marc:subfield>
                        <marc:subfield code="w">l</marc:subfield>
                    </marc:datafield>
                    <marc:datafield tag="910" ind1=" " ind2=" ">
                        <marc:subfield code="a">BKG501</marc:subfield>
                        <marc:subfield code="x">002030000102770</marc:subfield>
                        <marc:subfield code="w">l</marc:subfield>
                    </marc:datafield>
                    <marc:datafield tag="910" ind1=" " ind2=" ">
                        <marc:subfield code="a">BOD003</marc:subfield>
                        <marc:subfield code="x">000237804</marc:subfield>
                        <marc:subfield code="w">l</marc:subfield>
                    </marc:datafield>
                    <marc:datafield tag="910" ind1=" " ind2=" ">
                        <marc:subfield code="a">BOG505</marc:subfield>
                        <marc:subfield code="x">017320000481286</marc:subfield>
                        <marc:subfield code="w">l</marc:subfield>
                    </marc:datafield>
                    <marc:datafield tag="910" ind1=" " ind2=" ">
                        <marc:subfield code="a">BVG001</marc:subfield>
                        <marc:subfield code="x">664</marc:subfield>
                        <marc:subfield code="w">l</marc:subfield>
                    </marc:datafield>
                    <marc:datafield tag="910" ind1=" " ind2=" ">
                        <marc:subfield code="a">CBA001</marc:subfield>
                        <marc:subfield code="x">m0144302</marc:subfield>
                        <marc:subfield code="w">l</marc:subfield>
                    </marc:datafield>
                    <marc:datafield tag="910" ind1=" " ind2=" ">
                        <marc:subfield code="a">CKG001</marc:subfield>
                        <marc:subfield code="x">019090000468945</marc:subfield>
                        <marc:subfield code="w">l</marc:subfield>
                    </marc:datafield>
                    <marc:datafield tag="910" ind1=" " ind2=" ">
                        <marc:subfield code="a">DCG302</marc:subfield>
                        <marc:subfield code="x">002000001183168</marc:subfield>
                        <marc:subfield code="w">l</marc:subfield>
                    </marc:datafield>
                    <marc:datafield tag="910" ind1=" " ind2=" ">
                        <marc:subfield code="a">DCG501</marc:subfield>
                        <marc:subfield code="x">30592</marc:subfield>
                        <marc:subfield code="w">l</marc:subfield>
                    </marc:datafield>
                    <marc:datafield tag="910" ind1=" " ind2=" ">
                        <marc:subfield code="a">DOG001</marc:subfield>
                        <marc:subfield code="x">018610000246702</marc:subfield>
                        <marc:subfield code="w">l</marc:subfield>
                    </marc:datafield>
                    <marc:datafield tag="910" ind1=" " ind2=" ">
                        <marc:subfield code="a">HBG001</marc:subfield>
                        <marc:subfield code="x">016310001828962</marc:subfield>
                        <marc:subfield code="b">NC1911</marc:subfield>
                        <marc:subfield code="w">l</marc:subfield>
                    </marc:datafield>
                    <marc:datafield tag="910" ind1=" " ind2=" ">
                        <marc:subfield code="a">HBG501</marc:subfield>
                        <marc:subfield code="x">018410000166514</marc:subfield>
                        <marc:subfield code="w">l</marc:subfield>
                    </marc:datafield>
                    <marc:datafield tag="910" ind1=" " ind2=" ">
                        <marc:subfield code="a">HKD001</marc:subfield>
                        <marc:subfield code="x">990004833110106986</marc:subfield>
                        <marc:subfield code="w">l</marc:subfield>
                    </marc:datafield>
                    <marc:datafield tag="910" ind1=" " ind2=" ">
                        <marc:subfield code="a">HKG001</marc:subfield>
                        <marc:subfield code="x">016530001886624</marc:subfield>
                        <marc:subfield code="b">84872</marc:subfield>
                        <marc:subfield code="w">l</marc:subfield>
                    </marc:datafield>
                    <marc:datafield tag="910" ind1=" " ind2=" ">
                        <marc:subfield code="a">JIG001</marc:subfield>
                        <marc:subfield code="x">001870000507373</marc:subfield>
                        <marc:subfield code="w">l</marc:subfield>
                    </marc:datafield>
                    <marc:datafield tag="910" ind1=" " ind2=" ">
                        <marc:subfield code="a">JNG001</marc:subfield>
                        <marc:subfield code="x">127537</marc:subfield>
                        <marc:subfield code="w">l</marc:subfield>
                    </marc:datafield>
                    <marc:datafield tag="910" ind1=" " ind2=" ">
                        <marc:subfield code="a">KAG001</marc:subfield>
                        <marc:subfield code="x">15592</marc:subfield>
                        <marc:subfield code="b">MN/III 57</marc:subfield>
                        <marc:subfield code="w">l</marc:subfield>
                    </marc:datafield>
                    <marc:datafield tag="910" ind1=" " ind2=" ">
                        <marc:subfield code="a">KAG503</marc:subfield>
                        <marc:subfield code="x">5319</marc:subfield>
                        <marc:subfield code="w">l</marc:subfield>
                    </marc:datafield>
                    <marc:datafield tag="910" ind1=" " ind2=" ">
                        <marc:subfield code="a">KHG001</marc:subfield>
                        <marc:subfield code="x">001600000002230</marc:subfield>
                        <marc:subfield code="w">l</marc:subfield>
                    </marc:datafield>
                    <marc:datafield tag="910" ind1=" " ind2=" ">
                        <marc:subfield code="a">LNG501</marc:subfield>
                        <marc:subfield code="x">017330000226803</marc:subfield>
                        <marc:subfield code="w">l</marc:subfield>
                    </marc:datafield>
                    <marc:datafield tag="910" ind1=" " ind2=" ">
                        <marc:subfield code="a">MBG001</marc:subfield>
                        <marc:subfield code="x">kpm013255</marc:subfield>
                        <marc:subfield code="w">l</marc:subfield>
                    </marc:datafield>
                    <marc:datafield tag="910" ind1=" " ind2=" ">
                        <marc:subfield code="a">NBG001</marc:subfield>
                        <marc:subfield code="x">001390000010729</marc:subfield>
                        <marc:subfield code="w">l</marc:subfield>
                    </marc:datafield>
                    <marc:datafield tag="910" ind1=" " ind2=" ">
                        <marc:subfield code="a">OLA001</marc:subfield>
                        <marc:subfield code="x">vkol000048831</marc:subfield>
                        <marc:subfield code="b">II 828.705</marc:subfield>
                        <marc:subfield code="w">l</marc:subfield>
                    </marc:datafield>
                    <marc:datafield tag="910" ind1=" " ind2=" ">
                        <marc:subfield code="a">OLD012</marc:subfield>
                        <marc:subfield code="x">m0157025</marc:subfield>
                        <marc:subfield code="w">l</marc:subfield>
                    </marc:datafield>
                    <marc:datafield tag="910" ind1=" " ind2=" ">
                        <marc:subfield code="a">OPD001</marc:subfield>
                        <marc:subfield code="x">016470000485942</marc:subfield>
                        <marc:subfield code="w">l</marc:subfield>
                    </marc:datafield>
                    <marc:datafield tag="910" ind1=" " ind2=" ">
                        <marc:subfield code="a">OSD001</marc:subfield>
                        <marc:subfield code="x">000054542</marc:subfield>
                        <marc:subfield code="b">C21309</marc:subfield>
                        <marc:subfield code="w">l</marc:subfield>
                    </marc:datafield>
                    <marc:datafield tag="910" ind1=" " ind2=" ">
                        <marc:subfield code="a">OSD002</marc:subfield>
                        <marc:subfield code="x">kpw0149674</marc:subfield>
                        <marc:subfield code="b">243841</marc:subfield>
                        <marc:subfield code="w">l</marc:subfield>
                    </marc:datafield>
                    <marc:datafield tag="910" ind1=" " ind2=" ">
                        <marc:subfield code="a">OSG002</marc:subfield>
                        <marc:subfield code="x">001070005385973</marc:subfield>
                        <marc:subfield code="b">3-92.029</marc:subfield>
                        <marc:subfield code="w">l</marc:subfield>
                    </marc:datafield>
                    <marc:datafield tag="910" ind1=" " ind2=" ">
                        <marc:subfield code="a">PAG001</marc:subfield>
                        <marc:subfield code="x">018890000671189</marc:subfield>
                        <marc:subfield code="b">69.393</marc:subfield>
                        <marc:subfield code="w">l</marc:subfield>
                    </marc:datafield>
                    <marc:datafield tag="910" ind1=" " ind2=" ">
                        <marc:subfield code="a">PBG001</marc:subfield>
                        <marc:subfield code="x">016280000921768</marc:subfield>
                        <marc:subfield code="b">61</marc:subfield>
                        <marc:subfield code="w">l</marc:subfield>
                    </marc:datafield>
                    <marc:datafield tag="910" ind1=" " ind2=" ">
                        <marc:subfield code="a">PRG501</marc:subfield>
                        <marc:subfield code="x">016890000000442</marc:subfield>
                        <marc:subfield code="w">l</marc:subfield>
                    </marc:datafield>
                    <marc:datafield tag="910" ind1=" " ind2=" ">
                        <marc:subfield code="a">RKG001</marc:subfield>
                        <marc:subfield code="x">002170000211209</marc:subfield>
                        <marc:subfield code="w">l</marc:subfield>
                    </marc:datafield>
                    <marc:datafield tag="910" ind1=" " ind2=" ">
                        <marc:subfield code="a">SMG506</marc:subfield>
                        <marc:subfield code="x">57627</marc:subfield>
                        <marc:subfield code="w">l</marc:subfield>
                    </marc:datafield>
                    <marc:datafield tag="910" ind1=" " ind2=" ">
                        <marc:subfield code="a">SOG001</marc:subfield>
                        <marc:subfield code="x">10581</marc:subfield>
                        <marc:subfield code="w">l</marc:subfield>
                    </marc:datafield>
                    <marc:datafield tag="910" ind1=" " ind2=" ">
                        <marc:subfield code="a">SOG504</marc:subfield>
                        <marc:subfield code="x">001240000080290</marc:subfield>
                        <marc:subfield code="w">l</marc:subfield>
                    </marc:datafield>
                    <marc:datafield tag="910" ind1=" " ind2=" ">
                        <marc:subfield code="a">SVG001</marc:subfield>
                        <marc:subfield code="x">002130000116021</marc:subfield>
                        <marc:subfield code="w">l</marc:subfield>
                    </marc:datafield>
                    <marc:datafield tag="910" ind1=" " ind2=" ">
                        <marc:subfield code="a">SVG503</marc:subfield>
                        <marc:subfield code="x">15547</marc:subfield>
                        <marc:subfield code="w">l</marc:subfield>
                    </marc:datafield>
                    <marc:datafield tag="910" ind1=" " ind2=" ">
                        <marc:subfield code="a">TAG001</marc:subfield>
                        <marc:subfield code="x">157373</marc:subfield>
                        <marc:subfield code="w">l</marc:subfield>
                    </marc:datafield>
                    <marc:datafield tag="910" ind1=" " ind2=" ">
                        <marc:subfield code="a">TCG001</marc:subfield>
                        <marc:subfield code="x">17472</marc:subfield>
                        <marc:subfield code="w">l</marc:subfield>
                    </marc:datafield>
                    <marc:datafield tag="910" ind1=" " ind2=" ">
                        <marc:subfield code="a">TUG001</marc:subfield>
                        <marc:subfield code="x">002200000163286</marc:subfield>
                        <marc:subfield code="b">N 11147</marc:subfield>
                        <marc:subfield code="w">l</marc:subfield>
                    </marc:datafield>
                    <marc:datafield tag="910" ind1=" " ind2=" ">
                        <marc:subfield code="a">TUG504</marc:subfield>
                        <marc:subfield code="x">34299</marc:subfield>
                        <marc:subfield code="w">l</marc:subfield>
                    </marc:datafield>
                    <marc:datafield tag="910" ind1=" " ind2=" ">
                        <marc:subfield code="a">ULG001</marc:subfield>
                        <marc:subfield code="x">016020003215198</marc:subfield>
                        <marc:subfield code="b">IN104930</marc:subfield>
                        <marc:subfield code="w">l</marc:subfield>
                    </marc:datafield>
                    <marc:datafield tag="910" ind1=" " ind2=" ">
                        <marc:subfield code="a">UOG001</marc:subfield>
                        <marc:subfield code="x">21372</marc:subfield>
                        <marc:subfield code="w">l</marc:subfield>
                    </marc:datafield>
                    <marc:datafield tag="910" ind1=" " ind2=" ">
                        <marc:subfield code="a">UOG502</marc:subfield>
                        <marc:subfield code="x">43585</marc:subfield>
                        <marc:subfield code="w">l</marc:subfield>
                    </marc:datafield>
                    <marc:datafield tag="910" ind1=" " ind2=" ">
                        <marc:subfield code="a">UOG507</marc:subfield>
                        <marc:subfield code="x">1360</marc:subfield>
                        <marc:subfield code="w">l</marc:subfield>
                    </marc:datafield>
                    <marc:datafield tag="910" ind1=" " ind2=" ">
                        <marc:subfield code="a">ZNG001</marc:subfield>
                        <marc:subfield code="x">017220000312538</marc:subfield>
                        <marc:subfield code="w">l</marc:subfield>
                    </marc:datafield>
                    <marc:datafield tag="998" ind1=" " ind2=" ">
                        <marc:subfield code="a">http://aleph.nkp.cz/F/?func=direct&amp;doc_number=001269431&amp;local_base=SKC</marc:subfield>
                    </marc:datafield>
                </marc:record>
            </metadata>
        </record>