
        <record>
            <header>
                <identifier>oai:aleph-nkp.cz:SKC01-001267956</identifier>
                <datestamp>2026-02-02T18:47:57Z</datestamp>
                <setSpec>SKC</setSpec>
            </header>
            <metadata>
                <marc:record xmlns:marc="http://www.loc.gov/MARC21/slim" xmlns:xsi="http://www.w3.org/2001/XMLSchema-instance" xsi:schemaLocation="http://www.loc.gov/MARC21/slim
http://www.loc.gov/standards/marcxml/schema/MARC21slim.xsd">
                    <marc:leader>     nam a22      i 4500</marc:leader>
                    <marc:controlfield tag="001">000236691</marc:controlfield>
                    <marc:controlfield tag="003">CZ PrSKC</marc:controlfield>
                    <marc:controlfield tag="005">20180125080234.0</marc:controlfield>
                    <marc:controlfield tag="008">180117s1992    xxu    er     000 0 eng d</marc:controlfield>
                    <marc:datafield tag="020" ind1=" " ind2=" ">
                        <marc:subfield code="a">0-19-507246-4</marc:subfield>
                        <marc:subfield code="q">(vázáno)</marc:subfield>
                    </marc:datafield>
                    <marc:datafield tag="035" ind1=" " ind2=" ">
                        <marc:subfield code="a">(OCoLC)320293618</marc:subfield>
                    </marc:datafield>
                    <marc:datafield tag="040" ind1=" " ind2=" ">
                        <marc:subfield code="a">OLA001</marc:subfield>
                        <marc:subfield code="b">cze</marc:subfield>
                        <marc:subfield code="d">PND008</marc:subfield>
                        <marc:subfield code="e">rda</marc:subfield>
                    </marc:datafield>
                    <marc:datafield tag="072" ind1=" " ind2="7">
                        <marc:subfield code="a">792</marc:subfield>
                        <marc:subfield code="x">Divadlo. Divadelní představení</marc:subfield>
                        <marc:subfield code="2">Konspekt</marc:subfield>
                        <marc:subfield code="9">3</marc:subfield>
                    </marc:datafield>
                    <marc:datafield tag="080" ind1=" " ind2=" ">
                        <marc:subfield code="a">792(=1.73)</marc:subfield>
                        <marc:subfield code="2">MRF</marc:subfield>
                    </marc:datafield>
                    <marc:datafield tag="100" ind1="1" ind2=" ">
                        <marc:subfield code="a">Bordman, Gerald Martin,</marc:subfield>
                        <marc:subfield code="d">1931-2011</marc:subfield>
                        <marc:subfield code="7">xx0079884</marc:subfield>
                        <marc:subfield code="4">aut</marc:subfield>
                    </marc:datafield>
                    <marc:datafield tag="245" ind1="1" ind2="4">
                        <marc:subfield code="a">The Oxford companion to American theatre</marc:subfield>
                    </marc:datafield>
                    <marc:datafield tag="246" ind1="3" ind2="0">
                        <marc:subfield code="a">American theatre</marc:subfield>
                    </marc:datafield>
                    <marc:datafield tag="250" ind1=" " ind2=" ">
                        <marc:subfield code="a">Second edition</marc:subfield>
                    </marc:datafield>
                    <marc:datafield tag="264" ind1=" " ind2="1">
                        <marc:subfield code="a">New York :</marc:subfield>
                        <marc:subfield code="b">Oxford University Press,</marc:subfield>
                        <marc:subfield code="c">[1992]</marc:subfield>
                    </marc:datafield>
                    <marc:datafield tag="264" ind1=" " ind2="4">
                        <marc:subfield code="c">©1992</marc:subfield>
                    </marc:datafield>
                    <marc:datafield tag="300" ind1=" " ind2=" ">
                        <marc:subfield code="a">viii, 735 stran ;</marc:subfield>
                        <marc:subfield code="c">24 cm</marc:subfield>
                    </marc:datafield>
                    <marc:datafield tag="336" ind1=" " ind2=" ">
                        <marc:subfield code="a">text</marc:subfield>
                        <marc:subfield code="b">txt</marc:subfield>
                        <marc:subfield code="2">rdacontent</marc:subfield>
                    </marc:datafield>
                    <marc:datafield tag="337" ind1=" " ind2=" ">
                        <marc:subfield code="a">bez média</marc:subfield>
                        <marc:subfield code="b">n</marc:subfield>
                        <marc:subfield code="2">rdamedia</marc:subfield>
                    </marc:datafield>
                    <marc:datafield tag="338" ind1=" " ind2=" ">
                        <marc:subfield code="a">svazek</marc:subfield>
                        <marc:subfield code="b">nc</marc:subfield>
                        <marc:subfield code="2">rdacarrier</marc:subfield>
                    </marc:datafield>
                    <marc:datafield tag="504" ind1=" " ind2=" ">
                        <marc:subfield code="a">Obsahuje bibliografie</marc:subfield>
                    </marc:datafield>
                    <marc:datafield tag="650" ind1="0" ind2="7">
                        <marc:subfield code="a">americké divadlo</marc:subfield>
                        <marc:subfield code="7">ph203860</marc:subfield>
                        <marc:subfield code="2">czenas</marc:subfield>
                    </marc:datafield>
                    <marc:datafield tag="655" ind1=" " ind2="7">
                        <marc:subfield code="a">encyklopedie</marc:subfield>
                        <marc:subfield code="7">fd132201</marc:subfield>
                        <marc:subfield code="2">czenas</marc:subfield>
                    </marc:datafield>
                    <marc:datafield tag="900" ind1=" " ind2=" ">
                        <marc:subfield code="a">PND008</marc:subfield>
                        <marc:subfield code="b">17</marc:subfield>
                    </marc:datafield>
                    <marc:datafield tag="910" ind1=" " ind2=" ">
                        <marc:subfield code="a">ABD001</marc:subfield>
                        <marc:subfield code="x">990007198480106986</marc:subfield>
                        <marc:subfield code="w">l</marc:subfield>
                    </marc:datafield>
                    <marc:datafield tag="910" ind1=" " ind2=" ">
                        <marc:subfield code="a">BOD001</marc:subfield>
                        <marc:subfield code="x">000244691</marc:subfield>
                        <marc:subfield code="w">l</marc:subfield>
                    </marc:datafield>
                    <marc:datafield tag="910" ind1=" " ind2=" ">
                        <marc:subfield code="a">BOD003</marc:subfield>
                        <marc:subfield code="x">000244691</marc:subfield>
                        <marc:subfield code="w">l</marc:subfield>
                    </marc:datafield>
                    <marc:datafield tag="910" ind1=" " ind2=" ">
                        <marc:subfield code="a">HKD002</marc:subfield>
                        <marc:subfield code="x">m0248695</marc:subfield>
                        <marc:subfield code="b">64852-VI-7</marc:subfield>
                        <marc:subfield code="w">l</marc:subfield>
                    </marc:datafield>
                    <marc:datafield tag="910" ind1=" " ind2=" ">
                        <marc:subfield code="a">LID001</marc:subfield>
                        <marc:subfield code="x">kpm0140531</marc:subfield>
                        <marc:subfield code="b">A 46001</marc:subfield>
                        <marc:subfield code="w">l</marc:subfield>
                    </marc:datafield>
                    <marc:datafield tag="910" ind1=" " ind2=" ">
                        <marc:subfield code="a">OLA001</marc:subfield>
                        <marc:subfield code="x">vkol000045056</marc:subfield>
                        <marc:subfield code="b">589.768</marc:subfield>
                        <marc:subfield code="w">l</marc:subfield>
                    </marc:datafield>
                    <marc:datafield tag="910" ind1=" " ind2=" ">
                        <marc:subfield code="a">OSD001</marc:subfield>
                        <marc:subfield code="x">000078075</marc:subfield>
                        <marc:subfield code="b">O-2140</marc:subfield>
                        <marc:subfield code="w">l</marc:subfield>
                    </marc:datafield>
                    <marc:datafield tag="910" ind1=" " ind2=" ">
                        <marc:subfield code="a">PAD001</marc:subfield>
                        <marc:subfield code="x">kpw01150722</marc:subfield>
                        <marc:subfield code="b">52585</marc:subfield>
                        <marc:subfield code="w">l</marc:subfield>
                    </marc:datafield>
                    <marc:datafield tag="910" ind1=" " ind2=" ">
                        <marc:subfield code="a">PND003</marc:subfield>
                        <marc:subfield code="x">000236691</marc:subfield>
                        <marc:subfield code="b">BORKNV14369</marc:subfield>
                        <marc:subfield code="w">l</marc:subfield>
                    </marc:datafield>
                    <marc:datafield tag="998" ind1=" " ind2=" ">
                        <marc:subfield code="a">http://aleph.nkp.cz/F/?func=direct&amp;doc_number=001267956&amp;local_base=SKC</marc:subfield>
                    </marc:datafield>
                </marc:record>
            </metadata>
        </record>