
        <record>
            <header>
                <identifier>oai:aleph-nkp.cz:SKC01-001320858</identifier>
                <datestamp>2026-02-02T18:47:57Z</datestamp>
                <setSpec>SKC</setSpec>
            </header>
            <metadata>
                <marc:record xmlns:marc="http://www.loc.gov/MARC21/slim" xmlns:xsi="http://www.w3.org/2001/XMLSchema-instance" xsi:schemaLocation="http://www.loc.gov/MARC21/slim
http://www.loc.gov/standards/marcxml/schema/MARC21slim.xsd">
                    <marc:leader>     nam a22      a 4500</marc:leader>
                    <marc:controlfield tag="001">vkol000509089</marc:controlfield>
                    <marc:controlfield tag="003">CZ PrSKC</marc:controlfield>
                    <marc:controlfield tag="005">20251008135443.0</marc:controlfield>
                    <marc:controlfield tag="008">010425s1949    xr     f      ||| | cze  </marc:controlfield>
                    <marc:datafield tag="015" ind1=" " ind2=" ">
                        <marc:subfield code="a">cnb000713993</marc:subfield>
                        <marc:subfield code="z">cnb000297045</marc:subfield>
                    </marc:datafield>
                    <marc:datafield tag="035" ind1=" " ind2=" ">
                        <marc:subfield code="a">(OCoLC)85433987</marc:subfield>
                    </marc:datafield>
                    <marc:datafield tag="040" ind1=" " ind2=" ">
                        <marc:subfield code="a">OLA001</marc:subfield>
                        <marc:subfield code="b">cze</marc:subfield>
                    </marc:datafield>
                    <marc:datafield tag="080" ind1=" " ind2=" ">
                        <marc:subfield code="a">391(437.1)</marc:subfield>
                    </marc:datafield>
                    <marc:datafield tag="100" ind1="1" ind2=" ">
                        <marc:subfield code="a">Stránská, Drahomíra,</marc:subfield>
                        <marc:subfield code="d">1899-1964</marc:subfield>
                        <marc:subfield code="7">jk01121344</marc:subfield>
                        <marc:subfield code="4">aut</marc:subfield>
                    </marc:datafield>
                    <marc:datafield tag="245" ind1="1" ind2="0">
                        <marc:subfield code="a">Lidové kroje v Československu.</marc:subfield>
                        <marc:subfield code="n">Díl I,</marc:subfield>
                        <marc:subfield code="p">Čechy /</marc:subfield>
                        <marc:subfield code="c">Drahomíra Stránská ; Za red. Dr. Miloslava Novotného</marc:subfield>
                    </marc:datafield>
                    <marc:datafield tag="246" ind1="3" ind2="0">
                        <marc:subfield code="a">Čechy</marc:subfield>
                    </marc:datafield>
                    <marc:datafield tag="250" ind1=" " ind2=" ">
                        <marc:subfield code="a">1. vyd.</marc:subfield>
                    </marc:datafield>
                    <marc:datafield tag="260" ind1=" " ind2=" ">
                        <marc:subfield code="a">Praha :</marc:subfield>
                        <marc:subfield code="b">J. Otto,</marc:subfield>
                        <marc:subfield code="c">[1949]</marc:subfield>
                        <marc:subfield code="e">(Brno :</marc:subfield>
                        <marc:subfield code="f">Rovnost</marc:subfield>
                        <marc:subfield code="e">Přerov)</marc:subfield>
                    </marc:datafield>
                    <marc:datafield tag="300" ind1=" " ind2=" ">
                        <marc:subfield code="a">277, [2] s. :</marc:subfield>
                        <marc:subfield code="b">100 tb. [1] barev. obr. příl. [2] mp. ;</marc:subfield>
                        <marc:subfield code="c">4°</marc:subfield>
                    </marc:datafield>
                    <marc:datafield tag="500" ind1=" " ind2=" ">
                        <marc:subfield code="a">3300 výt.</marc:subfield>
                    </marc:datafield>
                    <marc:datafield tag="500" ind1=" " ind2=" ">
                        <marc:subfield code="a">Barevné ilustrace</marc:subfield>
                    </marc:datafield>
                    <marc:datafield tag="500" ind1=" " ind2=" ">
                        <marc:subfield code="a">Poznámky</marc:subfield>
                    </marc:datafield>
                    <marc:datafield tag="500" ind1=" " ind2=" ">
                        <marc:subfield code="a">Seznam vyobrazení</marc:subfield>
                    </marc:datafield>
                    <marc:datafield tag="520" ind1=" " ind2=" ">
                        <marc:subfield code="a">&quot;Účelem této knihy je shrnout všechny dosud známé zprávy v celek a vytvořit z nich přehled krojů našeho lidu v 19. století, které jej odlišují od ostatního prostředí i od ciziny jako viditelný znak jeho individuality.&quot; Kniha nemá, podle slov autorky, &quot;za účel ukazovat malebnost našich krojů nebo současný stav, nýbrž vývoj krojů alespoň v posledním století, jejich roztřídění a jejich místo v kultuře národa. Proto se snažila shromážditi pokud možno staré obrázky z dob, kdy se kroje skutečně ještě nosily, a vůbec stará vyobrazení starších krojů jako kulturně-historické doklady. První díl knihy obsahuje kapitoly o celkovém vývoji a životě krojů a Přehled krojů v Čechách. V druhém díle bude podán přehled krojů v zemi moravskoslezské, soupis hlavních děl a statí v jednotlivých oblastech a slovníček názvů a odborných výrazů. Podrobnější vysvětlivky k obrázků jsou uváděny v soupise na konci každého dílu. O slovenských krojích bude pojednáno v dalším svazku samostatném.&quot;</marc:subfield>
                    </marc:datafield>
                    <marc:datafield tag="650" ind1="0" ind2="7">
                        <marc:subfield code="a">lidové oděvy</marc:subfield>
                        <marc:subfield code="7">ph115139</marc:subfield>
                        <marc:subfield code="z">Česko</marc:subfield>
                        <marc:subfield code="2">czenas</marc:subfield>
                    </marc:datafield>
                    <marc:datafield tag="651" ind1=" " ind2="7">
                        <marc:subfield code="a">Česko</marc:subfield>
                        <marc:subfield code="7">ge128065</marc:subfield>
                        <marc:subfield code="x">vlastivěda</marc:subfield>
                        <marc:subfield code="2">czenas</marc:subfield>
                    </marc:datafield>
                    <marc:datafield tag="655" ind1=" " ind2="7">
                        <marc:subfield code="a">monografie</marc:subfield>
                        <marc:subfield code="7">fd132842</marc:subfield>
                        <marc:subfield code="2">czenas</marc:subfield>
                    </marc:datafield>
                    <marc:datafield tag="655" ind1=" " ind2="7">
                        <marc:subfield code="a">obrazové publikace</marc:subfield>
                        <marc:subfield code="7">fd132947</marc:subfield>
                        <marc:subfield code="2">czenas</marc:subfield>
                    </marc:datafield>
                    <marc:datafield tag="900" ind1=" " ind2=" ">
                        <marc:subfield code="a">OLA001</marc:subfield>
                        <marc:subfield code="b">14</marc:subfield>
                    </marc:datafield>
                    <marc:datafield tag="910" ind1=" " ind2=" ">
                        <marc:subfield code="a">ABA001</marc:subfield>
                        <marc:subfield code="x">bk194902644</marc:subfield>
                        <marc:subfield code="p">prezenčně</marc:subfield>
                        <marc:subfield code="k">r</marc:subfield>
                        <marc:subfield code="w">l</marc:subfield>
                    </marc:datafield>
                    <marc:datafield tag="910" ind1=" " ind2=" ">
                        <marc:subfield code="a">ABA004</marc:subfield>
                        <marc:subfield code="x">slk19980042266</marc:subfield>
                        <marc:subfield code="b">Lb 001067</marc:subfield>
                        <marc:subfield code="k">r</marc:subfield>
                        <marc:subfield code="w">l</marc:subfield>
                    </marc:datafield>
                    <marc:datafield tag="910" ind1=" " ind2=" ">
                        <marc:subfield code="a">ABA007</marc:subfield>
                        <marc:subfield code="x">001802959</marc:subfield>
                        <marc:subfield code="w">l</marc:subfield>
                    </marc:datafield>
                    <marc:datafield tag="910" ind1=" " ind2=" ">
                        <marc:subfield code="a">ABA009</marc:subfield>
                        <marc:subfield code="x">uzp000158671</marc:subfield>
                        <marc:subfield code="w">l</marc:subfield>
                    </marc:datafield>
                    <marc:datafield tag="910" ind1=" " ind2=" ">
                        <marc:subfield code="a">ABA010</marc:subfield>
                        <marc:subfield code="x">kpw017851</marc:subfield>
                        <marc:subfield code="w">l</marc:subfield>
                    </marc:datafield>
                    <marc:datafield tag="910" ind1=" " ind2=" ">
                        <marc:subfield code="a">ABA012</marc:subfield>
                        <marc:subfield code="x">kpw05140967</marc:subfield>
                        <marc:subfield code="w">l</marc:subfield>
                    </marc:datafield>
                    <marc:datafield tag="910" ind1=" " ind2=" ">
                        <marc:subfield code="a">ABB002</marc:subfield>
                        <marc:subfield code="x">002831546</marc:subfield>
                        <marc:subfield code="b">5CN 395</marc:subfield>
                        <marc:subfield code="w">l</marc:subfield>
                    </marc:datafield>
                    <marc:datafield tag="910" ind1=" " ind2=" ">
                        <marc:subfield code="a">ABB036</marc:subfield>
                        <marc:subfield code="x">002167620</marc:subfield>
                        <marc:subfield code="b">E 450</marc:subfield>
                        <marc:subfield code="w">l</marc:subfield>
                    </marc:datafield>
                    <marc:datafield tag="910" ind1=" " ind2=" ">
                        <marc:subfield code="a">ABB043</marc:subfield>
                        <marc:subfield code="x">000167293</marc:subfield>
                        <marc:subfield code="b">prir.</marc:subfield>
                        <marc:subfield code="b">E 1595/I</marc:subfield>
                        <marc:subfield code="w">l</marc:subfield>
                    </marc:datafield>
                    <marc:datafield tag="910" ind1=" " ind2=" ">
                        <marc:subfield code="a">ABD001</marc:subfield>
                        <marc:subfield code="x">990006946540106986</marc:subfield>
                        <marc:subfield code="w">l</marc:subfield>
                    </marc:datafield>
                    <marc:datafield tag="910" ind1=" " ind2=" ">
                        <marc:subfield code="a">ABD005</marc:subfield>
                        <marc:subfield code="x">990002403040106986</marc:subfield>
                        <marc:subfield code="w">l</marc:subfield>
                    </marc:datafield>
                    <marc:datafield tag="910" ind1=" " ind2=" ">
                        <marc:subfield code="a">ABD014</marc:subfield>
                        <marc:subfield code="x">990006946540106986</marc:subfield>
                        <marc:subfield code="w">l</marc:subfield>
                    </marc:datafield>
                    <marc:datafield tag="910" ind1=" " ind2=" ">
                        <marc:subfield code="a">ABD024</marc:subfield>
                        <marc:subfield code="x">001150000069013</marc:subfield>
                        <marc:subfield code="b">10701KVIII</marc:subfield>
                        <marc:subfield code="w">l</marc:subfield>
                    </marc:datafield>
                    <marc:datafield tag="910" ind1=" " ind2=" ">
                        <marc:subfield code="a">ABD063</marc:subfield>
                        <marc:subfield code="x">990006946540106986</marc:subfield>
                        <marc:subfield code="w">l</marc:subfield>
                    </marc:datafield>
                    <marc:datafield tag="910" ind1=" " ind2=" ">
                        <marc:subfield code="a">ABD100</marc:subfield>
                        <marc:subfield code="x">000766188</marc:subfield>
                        <marc:subfield code="w">l</marc:subfield>
                    </marc:datafield>
                    <marc:datafield tag="910" ind1=" " ind2=" ">
                        <marc:subfield code="a">ABE309</marc:subfield>
                        <marc:subfield code="x">20784</marc:subfield>
                        <marc:subfield code="b">IG 5</marc:subfield>
                        <marc:subfield code="w">l</marc:subfield>
                    </marc:datafield>
                    <marc:datafield tag="910" ind1=" " ind2=" ">
                        <marc:subfield code="a">ABE310</marc:subfield>
                        <marc:subfield code="x">kpw01039601</marc:subfield>
                        <marc:subfield code="b">C7155/1</marc:subfield>
                        <marc:subfield code="w">l</marc:subfield>
                    </marc:datafield>
                    <marc:datafield tag="910" ind1=" " ind2=" ">
                        <marc:subfield code="a">ABE320</marc:subfield>
                        <marc:subfield code="x">001010000651265</marc:subfield>
                        <marc:subfield code="b">C435</marc:subfield>
                        <marc:subfield code="w">l</marc:subfield>
                    </marc:datafield>
                    <marc:datafield tag="910" ind1=" " ind2=" ">
                        <marc:subfield code="a">ABE324</marc:subfield>
                        <marc:subfield code="x">001010000651265</marc:subfield>
                        <marc:subfield code="b">UV 896</marc:subfield>
                        <marc:subfield code="w">l</marc:subfield>
                    </marc:datafield>
                    <marc:datafield tag="910" ind1=" " ind2=" ">
                        <marc:subfield code="a">ABE343</marc:subfield>
                        <marc:subfield code="x">kpw07450040</marc:subfield>
                        <marc:subfield code="p">prezenčně</marc:subfield>
                        <marc:subfield code="w">l</marc:subfield>
                    </marc:datafield>
                    <marc:datafield tag="910" ind1=" " ind2=" ">
                        <marc:subfield code="a">ABE344</marc:subfield>
                        <marc:subfield code="x">001930000098656</marc:subfield>
                        <marc:subfield code="w">l</marc:subfield>
                    </marc:datafield>
                    <marc:datafield tag="910" ind1=" " ind2=" ">
                        <marc:subfield code="a">ABE400</marc:subfield>
                        <marc:subfield code="x">kpm0134322</marc:subfield>
                        <marc:subfield code="b">D7</marc:subfield>
                        <marc:subfield code="w">l</marc:subfield>
                    </marc:datafield>
                    <marc:datafield tag="910" ind1=" " ind2=" ">
                        <marc:subfield code="a">BEG001</marc:subfield>
                        <marc:subfield code="x">1824</marc:subfield>
                        <marc:subfield code="w">l</marc:subfield>
                    </marc:datafield>
                    <marc:datafield tag="910" ind1=" " ind2=" ">
                        <marc:subfield code="a">BNG001</marc:subfield>
                        <marc:subfield code="x">016550000014066</marc:subfield>
                        <marc:subfield code="w">l</marc:subfield>
                    </marc:datafield>
                    <marc:datafield tag="910" ind1=" " ind2=" ">
                        <marc:subfield code="a">BOA001</marc:subfield>
                        <marc:subfield code="x">000284923</marc:subfield>
                        <marc:subfield code="b">PK-III-0033.095/1</marc:subfield>
                        <marc:subfield code="w">l</marc:subfield>
                    </marc:datafield>
                    <marc:datafield tag="910" ind1=" " ind2=" ">
                        <marc:subfield code="a">BOB010</marc:subfield>
                        <marc:subfield code="x">002619917</marc:subfield>
                        <marc:subfield code="b">4-282/I</marc:subfield>
                        <marc:subfield code="b">4-282/Ia</marc:subfield>
                        <marc:subfield code="w">l</marc:subfield>
                    </marc:datafield>
                    <marc:datafield tag="910" ind1=" " ind2=" ">
                        <marc:subfield code="a">BOD001</marc:subfield>
                        <marc:subfield code="x">000140826</marc:subfield>
                        <marc:subfield code="w">l</marc:subfield>
                    </marc:datafield>
                    <marc:datafield tag="910" ind1=" " ind2=" ">
                        <marc:subfield code="a">CBA001</marc:subfield>
                        <marc:subfield code="x">0104471</marc:subfield>
                        <marc:subfield code="w">l</marc:subfield>
                    </marc:datafield>
                    <marc:datafield tag="910" ind1=" " ind2=" ">
                        <marc:subfield code="a">CBE303</marc:subfield>
                        <marc:subfield code="x">001010000651265</marc:subfield>
                        <marc:subfield code="b">NR 1852</marc:subfield>
                        <marc:subfield code="w">l</marc:subfield>
                    </marc:datafield>
                    <marc:datafield tag="910" ind1=" " ind2=" ">
                        <marc:subfield code="a">CRE301</marc:subfield>
                        <marc:subfield code="x">kpw013407</marc:subfield>
                        <marc:subfield code="w">l</marc:subfield>
                    </marc:datafield>
                    <marc:datafield tag="910" ind1=" " ind2=" ">
                        <marc:subfield code="a">DOG001</marc:subfield>
                        <marc:subfield code="x">018610000223415</marc:subfield>
                        <marc:subfield code="w">l</marc:subfield>
                    </marc:datafield>
                    <marc:datafield tag="910" ind1=" " ind2=" ">
                        <marc:subfield code="a">FME301</marc:subfield>
                        <marc:subfield code="x">001190000206251</marc:subfield>
                        <marc:subfield code="w">l</marc:subfield>
                    </marc:datafield>
                    <marc:datafield tag="910" ind1=" " ind2=" ">
                        <marc:subfield code="a">HBG001</marc:subfield>
                        <marc:subfield code="x">016310001831717</marc:subfield>
                        <marc:subfield code="b">NC7290</marc:subfield>
                        <marc:subfield code="w">l</marc:subfield>
                    </marc:datafield>
                    <marc:datafield tag="910" ind1=" " ind2=" ">
                        <marc:subfield code="a">HKA001</marc:subfield>
                        <marc:subfield code="x">000266417</marc:subfield>
                        <marc:subfield code="b">I-21 018/1</marc:subfield>
                        <marc:subfield code="w">l</marc:subfield>
                    </marc:datafield>
                    <marc:datafield tag="910" ind1=" " ind2=" ">
                        <marc:subfield code="a">HKD002</marc:subfield>
                        <marc:subfield code="x">m0286494</marc:subfield>
                        <marc:subfield code="b">19140/1</marc:subfield>
                        <marc:subfield code="w">l</marc:subfield>
                    </marc:datafield>
                    <marc:datafield tag="910" ind1=" " ind2=" ">
                        <marc:subfield code="a">HOE301</marc:subfield>
                        <marc:subfield code="x">KN4412100000013915</marc:subfield>
                    </marc:datafield>
                    <marc:datafield tag="910" ind1=" " ind2=" ">
                        <marc:subfield code="a">HOE802</marc:subfield>
                        <marc:subfield code="x">016870000048329</marc:subfield>
                        <marc:subfield code="w">l</marc:subfield>
                    </marc:datafield>
                    <marc:datafield tag="910" ind1=" " ind2=" ">
                        <marc:subfield code="a">HOG001</marc:subfield>
                        <marc:subfield code="x">016880000033352</marc:subfield>
                        <marc:subfield code="w">l</marc:subfield>
                    </marc:datafield>
                    <marc:datafield tag="910" ind1=" " ind2=" ">
                        <marc:subfield code="a">JIE301</marc:subfield>
                        <marc:subfield code="b">D 4</marc:subfield>
                    </marc:datafield>
                    <marc:datafield tag="910" ind1=" " ind2=" ">
                        <marc:subfield code="a">JIE303</marc:subfield>
                        <marc:subfield code="x">016490000072271</marc:subfield>
                        <marc:subfield code="w">l</marc:subfield>
                    </marc:datafield>
                    <marc:datafield tag="910" ind1=" " ind2=" ">
                        <marc:subfield code="a">KAE801</marc:subfield>
                        <marc:subfield code="x">kpw0116143</marc:subfield>
                        <marc:subfield code="w">l</marc:subfield>
                    </marc:datafield>
                    <marc:datafield tag="910" ind1=" " ind2=" ">
                        <marc:subfield code="a">KAG503</marc:subfield>
                        <marc:subfield code="x">15512</marc:subfield>
                        <marc:subfield code="w">l</marc:subfield>
                    </marc:datafield>
                    <marc:datafield tag="910" ind1=" " ind2=" ">
                        <marc:subfield code="a">KHE503</marc:subfield>
                        <marc:subfield code="x">016860000140617</marc:subfield>
                        <marc:subfield code="w">l</marc:subfield>
                    </marc:datafield>
                    <marc:datafield tag="910" ind1=" " ind2=" ">
                        <marc:subfield code="a">KME301</marc:subfield>
                        <marc:subfield code="x">019360000080795</marc:subfield>
                        <marc:subfield code="w">l</marc:subfield>
                    </marc:datafield>
                    <marc:datafield tag="910" ind1=" " ind2=" ">
                        <marc:subfield code="a">KMG001</marc:subfield>
                        <marc:subfield code="x">001580000229699</marc:subfield>
                        <marc:subfield code="w">l</marc:subfield>
                    </marc:datafield>
                    <marc:datafield tag="910" ind1=" " ind2=" ">
                        <marc:subfield code="a">KMG502</marc:subfield>
                        <marc:subfield code="x">015890000001898</marc:subfield>
                        <marc:subfield code="w">l</marc:subfield>
                    </marc:datafield>
                    <marc:datafield tag="910" ind1=" " ind2=" ">
                        <marc:subfield code="a">KOE301</marc:subfield>
                        <marc:subfield code="x">kpw014460</marc:subfield>
                        <marc:subfield code="w">l</marc:subfield>
                    </marc:datafield>
                    <marc:datafield tag="910" ind1=" " ind2=" ">
                        <marc:subfield code="a">KOE801</marc:subfield>
                        <marc:subfield code="x">kpw011533</marc:subfield>
                        <marc:subfield code="p">Uloženo: pracovna 4</marc:subfield>
                        <marc:subfield code="w">l</marc:subfield>
                    </marc:datafield>
                    <marc:datafield tag="910" ind1=" " ind2=" ">
                        <marc:subfield code="a">KTG501</marc:subfield>
                        <marc:subfield code="x">001160000168357</marc:subfield>
                        <marc:subfield code="w">l</marc:subfield>
                    </marc:datafield>
                    <marc:datafield tag="910" ind1=" " ind2=" ">
                        <marc:subfield code="a">KVG001</marc:subfield>
                        <marc:subfield code="x">016700002395500</marc:subfield>
                        <marc:subfield code="w">l</marc:subfield>
                    </marc:datafield>
                    <marc:datafield tag="910" ind1=" " ind2=" ">
                        <marc:subfield code="a">LIA001</marc:subfield>
                        <marc:subfield code="x">c138644</marc:subfield>
                        <marc:subfield code="b">B 5941</marc:subfield>
                        <marc:subfield code="w">l</marc:subfield>
                    </marc:datafield>
                    <marc:datafield tag="910" ind1=" " ind2=" ">
                        <marc:subfield code="a">MOG001</marc:subfield>
                        <marc:subfield code="x">001170000698099</marc:subfield>
                        <marc:subfield code="w">l</marc:subfield>
                    </marc:datafield>
                    <marc:datafield tag="910" ind1=" " ind2=" ">
                        <marc:subfield code="a">MOG501</marc:subfield>
                        <marc:subfield code="x">40439</marc:subfield>
                        <marc:subfield code="w">l</marc:subfield>
                    </marc:datafield>
                    <marc:datafield tag="910" ind1=" " ind2=" ">
                        <marc:subfield code="a">NAE301</marc:subfield>
                        <marc:subfield code="x">001190000293700</marc:subfield>
                        <marc:subfield code="w">l</marc:subfield>
                    </marc:datafield>
                    <marc:datafield tag="910" ind1=" " ind2=" ">
                        <marc:subfield code="a">OLA001</marc:subfield>
                        <marc:subfield code="x">vkol000509089</marc:subfield>
                        <marc:subfield code="b">II 115.348/ 1</marc:subfield>
                        <marc:subfield code="w">l</marc:subfield>
                    </marc:datafield>
                    <marc:datafield tag="910" ind1=" " ind2=" ">
                        <marc:subfield code="a">OLD012</marc:subfield>
                        <marc:subfield code="x">m0156870</marc:subfield>
                        <marc:subfield code="w">l</marc:subfield>
                    </marc:datafield>
                    <marc:datafield tag="910" ind1=" " ind2=" ">
                        <marc:subfield code="a">OPD001</marc:subfield>
                        <marc:subfield code="x">016470000629315</marc:subfield>
                        <marc:subfield code="w">l</marc:subfield>
                    </marc:datafield>
                    <marc:datafield tag="910" ind1=" " ind2=" ">
                        <marc:subfield code="a">OPE301</marc:subfield>
                        <marc:subfield code="x">kpw0186935</marc:subfield>
                        <marc:subfield code="w">l</marc:subfield>
                    </marc:datafield>
                    <marc:datafield tag="910" ind1=" " ind2=" ">
                        <marc:subfield code="a">OSD001</marc:subfield>
                        <marc:subfield code="x">000054525</marc:subfield>
                        <marc:subfield code="b">C23962</marc:subfield>
                        <marc:subfield code="w">l</marc:subfield>
                    </marc:datafield>
                    <marc:datafield tag="910" ind1=" " ind2=" ">
                        <marc:subfield code="a">PAE301</marc:subfield>
                        <marc:subfield code="x">kpw013679</marc:subfield>
                        <marc:subfield code="b">6066</marc:subfield>
                        <marc:subfield code="w">l</marc:subfield>
                    </marc:datafield>
                    <marc:datafield tag="910" ind1=" " ind2=" ">
                        <marc:subfield code="a">PAG001</marc:subfield>
                        <marc:subfield code="x">018890000610740</marc:subfield>
                        <marc:subfield code="b">17.589</marc:subfield>
                        <marc:subfield code="w">l</marc:subfield>
                    </marc:datafield>
                    <marc:datafield tag="910" ind1=" " ind2=" ">
                        <marc:subfield code="a">PIG001</marc:subfield>
                        <marc:subfield code="x">018170000636083</marc:subfield>
                        <marc:subfield code="w">l</marc:subfield>
                    </marc:datafield>
                    <marc:datafield tag="910" ind1=" " ind2=" ">
                        <marc:subfield code="a">PNA001</marc:subfield>
                        <marc:subfield code="x">000397347</marc:subfield>
                        <marc:subfield code="x">000397345</marc:subfield>
                        <marc:subfield code="x">000397343</marc:subfield>
                        <marc:subfield code="b">IIIA1006/1</marc:subfield>
                        <marc:subfield code="b">IIIA1041/1</marc:subfield>
                        <marc:subfield code="b">IIIA1007/1</marc:subfield>
                        <marc:subfield code="k">r</marc:subfield>
                        <marc:subfield code="w">l</marc:subfield>
                    </marc:datafield>
                    <marc:datafield tag="910" ind1=" " ind2=" ">
                        <marc:subfield code="a">PNE303</marc:subfield>
                        <marc:subfield code="x">kpw0264163</marc:subfield>
                        <marc:subfield code="b">LXI/014</marc:subfield>
                        <marc:subfield code="w">l</marc:subfield>
                    </marc:datafield>
                    <marc:datafield tag="910" ind1=" " ind2=" ">
                        <marc:subfield code="a">PVG001</marc:subfield>
                        <marc:subfield code="x">16035</marc:subfield>
                        <marc:subfield code="w">l</marc:subfield>
                    </marc:datafield>
                    <marc:datafield tag="910" ind1=" " ind2=" ">
                        <marc:subfield code="a">RKG001</marc:subfield>
                        <marc:subfield code="x">002170000258723</marc:subfield>
                        <marc:subfield code="w">l</marc:subfield>
                    </marc:datafield>
                    <marc:datafield tag="910" ind1=" " ind2=" ">
                        <marc:subfield code="a">SME801</marc:subfield>
                        <marc:subfield code="x">017350000076096</marc:subfield>
                        <marc:subfield code="w">l</marc:subfield>
                    </marc:datafield>
                    <marc:datafield tag="910" ind1=" " ind2=" ">
                        <marc:subfield code="a">SOE801</marc:subfield>
                        <marc:subfield code="x">001010000651265</marc:subfield>
                        <marc:subfield code="b">HF 39</marc:subfield>
                        <marc:subfield code="w">l</marc:subfield>
                    </marc:datafield>
                    <marc:datafield tag="910" ind1=" " ind2=" ">
                        <marc:subfield code="a">SOG001</marc:subfield>
                        <marc:subfield code="x">33266</marc:subfield>
                        <marc:subfield code="w">l</marc:subfield>
                    </marc:datafield>
                    <marc:datafield tag="910" ind1=" " ind2=" ">
                        <marc:subfield code="a">TPG001</marc:subfield>
                        <marc:subfield code="x">016690000619519</marc:subfield>
                        <marc:subfield code="w">l</marc:subfield>
                    </marc:datafield>
                    <marc:datafield tag="910" ind1=" " ind2=" ">
                        <marc:subfield code="a">TRG001</marc:subfield>
                        <marc:subfield code="x">016260000347117</marc:subfield>
                        <marc:subfield code="w">l</marc:subfield>
                    </marc:datafield>
                    <marc:datafield tag="910" ind1=" " ind2=" ">
                        <marc:subfield code="a">TUE301</marc:subfield>
                        <marc:subfield code="x">KN4251300000005088</marc:subfield>
                        <marc:subfield code="w">l</marc:subfield>
                    </marc:datafield>
                    <marc:datafield tag="910" ind1=" " ind2=" ">
                        <marc:subfield code="a">TUG504</marc:subfield>
                        <marc:subfield code="x">19362</marc:subfield>
                        <marc:subfield code="w">l</marc:subfield>
                    </marc:datafield>
                    <marc:datafield tag="910" ind1=" " ind2=" ">
                        <marc:subfield code="a">UOE802</marc:subfield>
                        <marc:subfield code="x">kpw0115041</marc:subfield>
                        <marc:subfield code="w">l</marc:subfield>
                    </marc:datafield>
                    <marc:datafield tag="910" ind1=" " ind2=" ">
                        <marc:subfield code="a">UOE803</marc:subfield>
                        <marc:subfield code="b">U 84</marc:subfield>
                    </marc:datafield>
                    <marc:datafield tag="910" ind1=" " ind2=" ">
                        <marc:subfield code="a">UOG001</marc:subfield>
                        <marc:subfield code="x">33250</marc:subfield>
                        <marc:subfield code="w">l</marc:subfield>
                    </marc:datafield>
                    <marc:datafield tag="910" ind1=" " ind2=" ">
                        <marc:subfield code="a">UOG507</marc:subfield>
                        <marc:subfield code="x">43052</marc:subfield>
                        <marc:subfield code="w">l</marc:subfield>
                    </marc:datafield>
                    <marc:datafield tag="910" ind1=" " ind2=" ">
                        <marc:subfield code="a">ZLE302</marc:subfield>
                        <marc:subfield code="x">019360000117989</marc:subfield>
                        <marc:subfield code="w">l</marc:subfield>
                    </marc:datafield>
                    <marc:datafield tag="910" ind1=" " ind2=" ">
                        <marc:subfield code="a">ZLG001</marc:subfield>
                        <marc:subfield code="x">kpw01146255</marc:subfield>
                        <marc:subfield code="w">l</marc:subfield>
                    </marc:datafield>
                    <marc:datafield tag="911" ind1=" " ind2=" ">
                        <marc:subfield code="a">ABA001</marc:subfield>
                        <marc:subfield code="d">zdigitalizováno</marc:subfield>
                        <marc:subfield code="u">http://krameriusndk.nkp.cz/search/handle/uuid:53589f80-8d3b-11e2-8593-005056827e52</marc:subfield>
                    </marc:datafield>
                    <marc:datafield tag="911" ind1=" " ind2=" ">
                        <marc:subfield code="a">BOA001</marc:subfield>
                        <marc:subfield code="d">zdigitalizováno</marc:subfield>
                        <marc:subfield code="u">http://krameriusndk.mzk.cz/search/handle/uuid:53589f80-8d3b-11e2-8593-005056827e52</marc:subfield>
                    </marc:datafield>
                    <marc:datafield tag="964" ind1=" " ind2=" ">
                        <marc:subfield code="a">Kroje lidové</marc:subfield>
                    </marc:datafield>
                    <marc:datafield tag="998" ind1=" " ind2=" ">
                        <marc:subfield code="a">http://aleph.nkp.cz/F/?func=direct&amp;doc_number=001320858&amp;local_base=SKC</marc:subfield>
                    </marc:datafield>
                </marc:record>
            </metadata>
        </record>