
        <record>
            <header>
                <identifier>oai:aleph-nkp.cz:SKC01-001404922</identifier>
                <datestamp>2026-02-02T18:47:57Z</datestamp>
                <setSpec>SKC</setSpec>
            </header>
            <metadata>
                <marc:record xmlns:marc="http://www.loc.gov/MARC21/slim" xmlns:xsi="http://www.w3.org/2001/XMLSchema-instance" xsi:schemaLocation="http://www.loc.gov/MARC21/slim
http://www.loc.gov/standards/marcxml/schema/MARC21slim.xsd">
                    <marc:leader>     nam a22      a 4500</marc:leader>
                    <marc:controlfield tag="001">cpk19980353983</marc:controlfield>
                    <marc:controlfield tag="003">CZ PrSKC</marc:controlfield>
                    <marc:controlfield tag="005">20180502113905.0</marc:controlfield>
                    <marc:controlfield tag="007">ta</marc:controlfield>
                    <marc:controlfield tag="008">980609s1994    xr     e      001 0 cze  </marc:controlfield>
                    <marc:datafield tag="015" ind1=" " ind2=" ">
                        <marc:subfield code="a">cnb000353983</marc:subfield>
                    </marc:datafield>
                    <marc:datafield tag="020" ind1=" " ind2=" ">
                        <marc:subfield code="a">80-901626-4-9</marc:subfield>
                        <marc:subfield code="q">(brož.)</marc:subfield>
                    </marc:datafield>
                    <marc:datafield tag="035" ind1=" " ind2=" ">
                        <marc:subfield code="a">(OCoLC)1039811963</marc:subfield>
                    </marc:datafield>
                    <marc:datafield tag="040" ind1=" " ind2=" ">
                        <marc:subfield code="a">ABA001</marc:subfield>
                        <marc:subfield code="b">cze</marc:subfield>
                    </marc:datafield>
                    <marc:datafield tag="072" ind1=" " ind2="7">
                        <marc:subfield code="a">2-1</marc:subfield>
                        <marc:subfield code="x">Přirozená teologie. Náboženská filozofie</marc:subfield>
                        <marc:subfield code="2">Konspekt</marc:subfield>
                        <marc:subfield code="9">5</marc:subfield>
                    </marc:datafield>
                    <marc:datafield tag="080" ind1=" " ind2=" ">
                        <marc:subfield code="a">141.4</marc:subfield>
                        <marc:subfield code="2">MRF</marc:subfield>
                    </marc:datafield>
                    <marc:datafield tag="080" ind1=" " ind2=" ">
                        <marc:subfield code="a">2-141</marc:subfield>
                        <marc:subfield code="2">MRF</marc:subfield>
                    </marc:datafield>
                    <marc:datafield tag="080" ind1=" " ind2=" ">
                        <marc:subfield code="a">2-1</marc:subfield>
                        <marc:subfield code="2">MRF</marc:subfield>
                    </marc:datafield>
                    <marc:datafield tag="080" ind1=" " ind2=" ">
                        <marc:subfield code="a">2-6-8</marc:subfield>
                        <marc:subfield code="2">MRF</marc:subfield>
                    </marc:datafield>
                    <marc:datafield tag="080" ind1=" " ind2=" ">
                        <marc:subfield code="a">001:2-1</marc:subfield>
                        <marc:subfield code="2">MRF</marc:subfield>
                    </marc:datafield>
                    <marc:datafield tag="080" ind1=" " ind2=" ">
                        <marc:subfield code="a">(048.8)</marc:subfield>
                        <marc:subfield code="2">MRF</marc:subfield>
                    </marc:datafield>
                    <marc:datafield tag="100" ind1="1" ind2=" ">
                        <marc:subfield code="a">Skalický, Karel,</marc:subfield>
                        <marc:subfield code="d">1934-</marc:subfield>
                        <marc:subfield code="7">jn19990009982</marc:subfield>
                        <marc:subfield code="4">aut</marc:subfield>
                    </marc:datafield>
                    <marc:datafield tag="245" ind1="1" ind2="0">
                        <marc:subfield code="a">Po stopách neznámého Boha :</marc:subfield>
                        <marc:subfield code="b">náboženství a Bůh v novodobém religionistickém bádání /</marc:subfield>
                        <marc:subfield code="c">Karel Skalický</marc:subfield>
                    </marc:datafield>
                    <marc:datafield tag="246" ind1="3" ind2="0">
                        <marc:subfield code="a">Náboženství a Bůh v novodobém religionistickém bádání</marc:subfield>
                    </marc:datafield>
                    <marc:datafield tag="260" ind1=" " ind2=" ">
                        <marc:subfield code="a">Praha :</marc:subfield>
                        <marc:subfield code="b">Aula,</marc:subfield>
                        <marc:subfield code="c">1994</marc:subfield>
                    </marc:datafield>
                    <marc:datafield tag="300" ind1=" " ind2=" ">
                        <marc:subfield code="a">207 s. ;</marc:subfield>
                        <marc:subfield code="c">21 cm</marc:subfield>
                    </marc:datafield>
                    <marc:datafield tag="490" ind1="1" ind2=" ">
                        <marc:subfield code="a">Studium ;</marc:subfield>
                        <marc:subfield code="v">sv. 52</marc:subfield>
                    </marc:datafield>
                    <marc:datafield tag="500" ind1=" " ind2=" ">
                        <marc:subfield code="a">&quot;Společně vydávají nakladatelství Aula ... a Křesťanská akademie v Římě&quot;--Tiráž</marc:subfield>
                    </marc:datafield>
                    <marc:datafield tag="500" ind1=" " ind2=" ">
                        <marc:subfield code="a">2000 výt.</marc:subfield>
                    </marc:datafield>
                    <marc:datafield tag="504" ind1=" " ind2=" ">
                        <marc:subfield code="a">Obsahuje bibliografické odkazy a rejstřík</marc:subfield>
                    </marc:datafield>
                    <marc:datafield tag="520" ind1="9" ind2=" ">
                        <marc:subfield code="a">Filozofická studie o náboženském a duchovním zaměření člověka a jeho víře v jsoucnost Boha.</marc:subfield>
                    </marc:datafield>
                    <marc:datafield tag="650" ind1="0" ind2="7">
                        <marc:subfield code="a">existence Boha</marc:subfield>
                        <marc:subfield code="7">ph138426</marc:subfield>
                        <marc:subfield code="2">czenas</marc:subfield>
                    </marc:datafield>
                    <marc:datafield tag="650" ind1="0" ind2="7">
                        <marc:subfield code="a">filozofie náboženství</marc:subfield>
                        <marc:subfield code="7">ph114544</marc:subfield>
                        <marc:subfield code="2">czenas</marc:subfield>
                    </marc:datafield>
                    <marc:datafield tag="650" ind1="0" ind2="7">
                        <marc:subfield code="a">religionistika</marc:subfield>
                        <marc:subfield code="7">ph125111</marc:subfield>
                        <marc:subfield code="2">czenas</marc:subfield>
                    </marc:datafield>
                    <marc:datafield tag="650" ind1="0" ind2="7">
                        <marc:subfield code="a">věda a víra</marc:subfield>
                        <marc:subfield code="7">ph116677</marc:subfield>
                        <marc:subfield code="2">czenas</marc:subfield>
                    </marc:datafield>
                    <marc:datafield tag="650" ind1="0" ind2="9">
                        <marc:subfield code="a">existence of God</marc:subfield>
                        <marc:subfield code="2">eczenas</marc:subfield>
                    </marc:datafield>
                    <marc:datafield tag="650" ind1="0" ind2="9">
                        <marc:subfield code="a">philosophy of religion</marc:subfield>
                        <marc:subfield code="2">eczenas</marc:subfield>
                    </marc:datafield>
                    <marc:datafield tag="650" ind1="0" ind2="9">
                        <marc:subfield code="a">religious science</marc:subfield>
                        <marc:subfield code="2">eczenas</marc:subfield>
                    </marc:datafield>
                    <marc:datafield tag="650" ind1="0" ind2="9">
                        <marc:subfield code="a">science and belief</marc:subfield>
                        <marc:subfield code="2">eczenas</marc:subfield>
                    </marc:datafield>
                    <marc:datafield tag="655" ind1=" " ind2="7">
                        <marc:subfield code="a">studie</marc:subfield>
                        <marc:subfield code="7">fd133597</marc:subfield>
                        <marc:subfield code="2">czenas</marc:subfield>
                    </marc:datafield>
                    <marc:datafield tag="655" ind1=" " ind2="9">
                        <marc:subfield code="a">studies</marc:subfield>
                        <marc:subfield code="2">eczenas</marc:subfield>
                    </marc:datafield>
                    <marc:datafield tag="830" ind1=" " ind2="0">
                        <marc:subfield code="a">Studium (Křesťanská akademie v Římě)</marc:subfield>
                    </marc:datafield>
                    <marc:datafield tag="900" ind1=" " ind2=" ">
                        <marc:subfield code="a">ABA001</marc:subfield>
                        <marc:subfield code="b">17</marc:subfield>
                    </marc:datafield>
                    <marc:datafield tag="901" ind1=" " ind2=" ">
                        <marc:subfield code="f">[1. vyd.]</marc:subfield>
                        <marc:subfield code="g">ISBN zkontrolováno pouze podle báze NKC</marc:subfield>
                        <marc:subfield code="g">Stejné ISBN přiděleno duplicitně též publikaci: RILKE, Rainer Maria - Andreas-Salomé, Lou: Korespondence</marc:subfield>
                        <marc:subfield code="o">19941111</marc:subfield>
                    </marc:datafield>
                    <marc:datafield tag="910" ind1=" " ind2=" ">
                        <marc:subfield code="a">ABA001</marc:subfield>
                        <marc:subfield code="x">cpk19980353983</marc:subfield>
                        <marc:subfield code="p">prezenčně</marc:subfield>
                        <marc:subfield code="w">l</marc:subfield>
                    </marc:datafield>
                    <marc:datafield tag="910" ind1=" " ind2=" ">
                        <marc:subfield code="a">ABA012</marc:subfield>
                        <marc:subfield code="x">kpw05157383</marc:subfield>
                        <marc:subfield code="w">l</marc:subfield>
                    </marc:datafield>
                    <marc:datafield tag="910" ind1=" " ind2=" ">
                        <marc:subfield code="a">ABB018</marc:subfield>
                        <marc:subfield code="x">002382142</marc:subfield>
                        <marc:subfield code="b">321 (pracovna)</marc:subfield>
                        <marc:subfield code="w">l</marc:subfield>
                    </marc:datafield>
                    <marc:datafield tag="910" ind1=" " ind2=" ">
                        <marc:subfield code="a">ABB060</marc:subfield>
                        <marc:subfield code="x">002366094</marc:subfield>
                        <marc:subfield code="b">KJM 583</marc:subfield>
                        <marc:subfield code="w">l</marc:subfield>
                    </marc:datafield>
                    <marc:datafield tag="910" ind1=" " ind2=" ">
                        <marc:subfield code="a">ABB066</marc:subfield>
                        <marc:subfield code="x">990001784630106986</marc:subfield>
                        <marc:subfield code="w">l</marc:subfield>
                    </marc:datafield>
                    <marc:datafield tag="910" ind1=" " ind2=" ">
                        <marc:subfield code="a">ABD001</marc:subfield>
                        <marc:subfield code="x">990001784630106986</marc:subfield>
                        <marc:subfield code="w">l</marc:subfield>
                    </marc:datafield>
                    <marc:datafield tag="910" ind1=" " ind2=" ">
                        <marc:subfield code="a">ABD007</marc:subfield>
                        <marc:subfield code="x">990001784630106986</marc:subfield>
                        <marc:subfield code="w">l</marc:subfield>
                    </marc:datafield>
                    <marc:datafield tag="910" ind1=" " ind2=" ">
                        <marc:subfield code="a">ABD027</marc:subfield>
                        <marc:subfield code="x">990001784630106986</marc:subfield>
                        <marc:subfield code="w">l</marc:subfield>
                    </marc:datafield>
                    <marc:datafield tag="910" ind1=" " ind2=" ">
                        <marc:subfield code="a">ABD064</marc:subfield>
                        <marc:subfield code="x">990001784630106986</marc:subfield>
                        <marc:subfield code="w">l</marc:subfield>
                    </marc:datafield>
                    <marc:datafield tag="910" ind1=" " ind2=" ">
                        <marc:subfield code="a">ABD156</marc:subfield>
                        <marc:subfield code="x">990001784630106986</marc:subfield>
                        <marc:subfield code="w">l</marc:subfield>
                    </marc:datafield>
                    <marc:datafield tag="910" ind1=" " ind2=" ">
                        <marc:subfield code="a">ABG001</marc:subfield>
                        <marc:subfield code="x">64561</marc:subfield>
                        <marc:subfield code="b">JB 1321</marc:subfield>
                        <marc:subfield code="w">l</marc:subfield>
                    </marc:datafield>
                    <marc:datafield tag="910" ind1=" " ind2=" ">
                        <marc:subfield code="a">ABG312</marc:subfield>
                        <marc:subfield code="x">9170</marc:subfield>
                        <marc:subfield code="w">l</marc:subfield>
                    </marc:datafield>
                    <marc:datafield tag="910" ind1=" " ind2=" ">
                        <marc:subfield code="a">ABG503</marc:subfield>
                        <marc:subfield code="x">016340000085866</marc:subfield>
                        <marc:subfield code="w">l</marc:subfield>
                    </marc:datafield>
                    <marc:datafield tag="910" ind1=" " ind2=" ">
                        <marc:subfield code="a">BOA001</marc:subfield>
                        <marc:subfield code="x">000018891</marc:subfield>
                        <marc:subfield code="b">1-1007.568</marc:subfield>
                        <marc:subfield code="w">l</marc:subfield>
                    </marc:datafield>
                    <marc:datafield tag="910" ind1=" " ind2=" ">
                        <marc:subfield code="a">BOD001</marc:subfield>
                        <marc:subfield code="x">000082654</marc:subfield>
                        <marc:subfield code="w">l</marc:subfield>
                    </marc:datafield>
                    <marc:datafield tag="910" ind1=" " ind2=" ">
                        <marc:subfield code="a">CBA001</marc:subfield>
                        <marc:subfield code="x">m0210099</marc:subfield>
                        <marc:subfield code="w">l</marc:subfield>
                    </marc:datafield>
                    <marc:datafield tag="910" ind1=" " ind2=" ">
                        <marc:subfield code="a">CBD005</marc:subfield>
                        <marc:subfield code="x">000124426</marc:subfield>
                        <marc:subfield code="b">B1947</marc:subfield>
                        <marc:subfield code="w">l</marc:subfield>
                    </marc:datafield>
                    <marc:datafield tag="910" ind1=" " ind2=" ">
                        <marc:subfield code="a">KMG001</marc:subfield>
                        <marc:subfield code="x">001580000205209</marc:subfield>
                        <marc:subfield code="w">l</marc:subfield>
                    </marc:datafield>
                    <marc:datafield tag="910" ind1=" " ind2=" ">
                        <marc:subfield code="a">OSD001</marc:subfield>
                        <marc:subfield code="x">000078440</marc:subfield>
                        <marc:subfield code="b">O-500</marc:subfield>
                        <marc:subfield code="w">l</marc:subfield>
                    </marc:datafield>
                    <marc:datafield tag="910" ind1=" " ind2=" ">
                        <marc:subfield code="a">OSG002</marc:subfield>
                        <marc:subfield code="x">001070005282118</marc:subfield>
                        <marc:subfield code="b">2-85.505</marc:subfield>
                        <marc:subfield code="w">l</marc:subfield>
                    </marc:datafield>
                    <marc:datafield tag="910" ind1=" " ind2=" ">
                        <marc:subfield code="a">PNA001</marc:subfield>
                        <marc:subfield code="x">000048119</marc:subfield>
                        <marc:subfield code="b">31A59836</marc:subfield>
                        <marc:subfield code="b">20F2431</marc:subfield>
                        <marc:subfield code="w">l</marc:subfield>
                    </marc:datafield>
                    <marc:datafield tag="910" ind1=" " ind2=" ">
                        <marc:subfield code="a">STG001</marc:subfield>
                        <marc:subfield code="x">8254</marc:subfield>
                        <marc:subfield code="w">l</marc:subfield>
                    </marc:datafield>
                    <marc:datafield tag="910" ind1=" " ind2=" ">
                        <marc:subfield code="a">ULG001</marc:subfield>
                        <marc:subfield code="x">016020003270456</marc:subfield>
                        <marc:subfield code="b">N110097</marc:subfield>
                        <marc:subfield code="w">l</marc:subfield>
                    </marc:datafield>
                    <marc:datafield tag="910" ind1=" " ind2=" ">
                        <marc:subfield code="a">UOG001</marc:subfield>
                        <marc:subfield code="x">32898</marc:subfield>
                        <marc:subfield code="w">l</marc:subfield>
                    </marc:datafield>
                    <marc:datafield tag="910" ind1=" " ind2=" ">
                        <marc:subfield code="a">ZLG001</marc:subfield>
                        <marc:subfield code="x">kpw0115240</marc:subfield>
                        <marc:subfield code="w">l</marc:subfield>
                    </marc:datafield>
                    <marc:datafield tag="928" ind1="9" ind2=" ">
                        <marc:subfield code="a">Křesťanská akademie v Římě</marc:subfield>
                    </marc:datafield>
                    <marc:datafield tag="998" ind1=" " ind2=" ">
                        <marc:subfield code="a">http://aleph.nkp.cz/F/?func=direct&amp;doc_number=001404922&amp;local_base=SKC</marc:subfield>
                    </marc:datafield>
                </marc:record>
            </metadata>
        </record>